2790 4950
705 297 844 358 -8..

215 431 346 503 formas
362 431 488 515 utitur,
501 406 546 502 ⁵e't
565 420 611 502 ad
634 408 756 503 cetera
780 430 899 502 civilia
921 426 1091 502 instituta
1105 432 1203 504 valet
1221 433 1338 502 omni-

215 577 333 649 noque
363 554 548 655 transferri
579 562 713 652 potest.
745 557 870 643 Immo,
900 578 983 628 cum
1008 557 1114 648 leges
1140 557 1185 627 ad
1212 563 1333 630 totam

168 756 172 785 ,Δ
215 681 358 786 altilem
382 681 743 782 uitamquertineantg
771 704 850 784 eam
877 683 952 797 fere
975 684 1183 785 universam
1205 706 1337 757 neces·

167 812 169 820 ’
207 786 309 879 sdrio
327 807 495 898 attingit3
514 782 643 902 nempe
664 813 706 879 ut
727 786 886 902 exponat
909 809 994 902 quid
1007 809 1066 880 'sit
1092 809 1336 883 domesticum

210 935 286 1026 jus,
306 934 483 1027 quomodo
501 934 606 1024 leges
624 955 705 1004 cum
723 934 914 1024 religione,
924 934 1096 1020 moribus,
1116 941 1200 1025 etc,
1212 937 1337 1008 conci-

214 1064 317 1143 nant,
336 1064 502 1130 naturam
525 1059 692 1144 familiae,
716 1059 917 1152 religionis,
941 1081 1080 1132 morum
1103 1061 1335 1133 considerare

216 1185 373 1278 cogitur,
392 1186 443 1256 ita
464 1190 506 1257 ut
527 1206 612 1256 uere
633 1188 828 1256 tractatum
848 1184 892 1255 de
915 1205 1055 1255 summa
1076 1207 1194 1255 rerum
1214 1186 1335 1279 politi·

216 1333 340 1383 carum
356 1312 552 1406 scripserit.

260 1436 313 1508 Ne
346 1457 471 1532 speres
499 1442 621 1508 autem
646 1437 744 1507 hunc
774 1435 903 1505 librum
932 1437 1124 1507 sententiis
1150 1437 1336 1509 abundare

217 1585 321 1655 quae,
355 1568 528 1656 tanquam
555 1563 662 1657 plana
690 1563 937 1633 demonstrata
964 1561 1200 1648 theoremata,
1230 1586 1337 1657 prae-

217 1690 313 1761 senti
330 1690 504 1760 scientiae
520 1689 666 1761 retineri
681 1689 836 1786 possint.
851 1688 903 1758 llo
917 1688 1013 1760 enim
1025 1692 1199 1782 tempore,
1214 1692 1338 1761 omnia

216 1838 332 1913 paene
366 1818 609 1888 instrumenta
639 1817 788 1889 deerant
821 1837 911 1909 quae
939 1819 1147 1890 necessaria
1181 1825 1268 1889 sunt
1293 1825 1338 1890 ut

217 1950 383 2015 naturam
400 1943 589 2016 civitatum
605 1943 751 2039 penitus
773 1943 925 2013 scrutari
950 1964 1136 2036 queamus.
1157 1942 1335 2029 Historia,

218 2068 336 2141 adhuc
367 2071 498 2155 infans,
529 2069 684 2162 primum
707 2069 913 2140 adolescere
934 2069 1144 2163 incipiebat;
1169 2073 1337 2164 peregri-

216 2199 383 2267 natorum
413 2194 636 2265 narrationes
672 2192 716 2266 de
748 2193 922 2285 gentibus
955 2194 1104 2267 remotis
1136 2205 1336 2288 earumque

216 2318 375 2389 moribus
396 2323 434 2390 ct
455 2317 601 2410 legibus
624 2316 830 2389 rarissimae
851 2323 953 2390 erant
979 2323 1018 2391 ct
1041 2318 1223 2403 incortac;
1241 2339 1339 2392 nova

206 2445 279 2515 -illa
300 2444 490 2538 disciplina
513 2465 583 2538 qua
604 2444 694 2516 varii
717 2443 814 2516 vitae
842 2450 1007 2532 eventus,
1034 2452 1183 2533 mortes,
1210 2448 1338 2519 matri·

216 2571 348 2656 monia,
374 2571 535 2655 crimina,
561 2576 647 2654 etc,
672 2574 772 2642 certa
792 2570 931 2642 ratione
952 2578 1216 2666 computantur,
1244 2595 1338 2645 non·

218 2698 304 2769 dum
334 2703 412 2769 erat
439 2697 479 2767 in
508 2716 590 2766 usu.
620 2696 826 2782 Praeterea,
857 2717 941 2767 cum
967 2698 1096 2770 civitas
1121 2699 1210 2770 nihil
1235 2699 1337 2770 aliud

218 2825 268 2895 sit
284 2844 391 2917 quam
406 2822 562 2900 immane
582 2821 760 2915 quoddam
777 2823 908 2894 animal
924 2824 1020 2916 quod
1036 2825 1215 2917 propriam
1230 2847 1338 2897 suam

216 2955 390 3034 mentem,
408 2952 554 3021 nostrae
574 2949 687 3021 menti
710 2956 917 3042 cognatam,
939 2949 1061 3035 habet,
1083 2950 1188 3042 leges
1209 2951 1338 3023 huma·

216 3072 285 3147 nae
312 3072 498 3146 societatis
529 3093 571 3146 eo
604 3074 733 3175 melius
764 3079 802 3147 at
833 3074 985 3145 facilius
1004 3076 1233 3169 reperiuntur
1262 3099 1336 3169 quo

216 3201 321 3293 leges
345 3199 524 3271 humanae
550 3199 682 3271 mentis
705 3199 781 3292 jam
805 3201 975 3292 cognitae
998 3207 1101 3286 sunt;
1132 3203 1334 3276 nouissimo

218 3332 340 3397 autem
355 3325 499 3397 saeculo
520 3325 638 3396 omnia
658 3324 747 3397 haec
771 3325 809 3396 in
828 3325 932 3397 initio
943 3331 1085 3399 tantum
1101 3333 1206 3399 erant
1218 3333 1255 3400 et
1271 3331 1337 3401 vix

217 3451 397 3523 inchoata.
415 3451 466 3521 At
480 3451 608 3543 procul
623 3450 726 3523 abest
741 3451 827 3545 quin
843 3452 943 3522 nulla
959 3451 1028 3522 alia
1042 3452 1102 3523 ria
1117 3452 1160 3524 de
1181 3453 1338 3554 scientia

214 3577 308 3649 bene
326 3575 486 3648 merendi
504 3575 551 3647 sit
574 3597 682 3669 quam
697 3597 777 3648 eam
801 3576 1013 3648 veritatibus
1040 3577 1149 3649 certis
1173 3577 1335 3673 locuple-

217 3703 306 3788 tari;
321 3701 386 3773 sed
403 3722 475 3774 non
491 3702 638 3773 minoris
653 3702 759 3794 pretii
785 3708 843 3775 est
865 3702 1027 3775 eamdem
1043 3723 1130 3775 suae
1147 3705 1335 3795 materiae,

217 3834 369 3901 naturae
397 3849 438 3900 ac
465 3827 625 3900 methodi
653 3829 835 3900 consciam
864 3828 1005 3900 efficere
1035 3834 1074 3900 et
1099 3827 1339 3903 fundamenta

218 3950 349 4046 quibus
370 3952 482 4024 stabit
499 3950 724 4046 praeparare.
743 3951 837 4023 Illud
861 3960 983 4025 autem
1006 3959 1064 4026 est
1085 3953 1180 4047 quod
1202 3954 1337 4026 studiis

218 4077 352 4149 nostris
378 4075 607 4148 Secundatus
642 4050 806 4149 contulit.
834 4077 907 4150 Res
934 4083 1062 4171 gestas
1086 4080 1232 4174 saepius
1259 4101 1338 4152 non

218 4202 316 4276 recte
333 4202 589 4298 interpretatus
605 4209 663 4275 est
677 4208 715 4276 et
730 4204 781 4276 ita
800 4211 843 4276 ut
861 4205 964 4278 facile
984 4204 1242 4298 redarguatur3
1263 4209 1331 4280 scd
