2798 4956
693 320 851 382 -ωμ

210 449 299 519 dum
314 451 365 521 rei
377 456 499 544 partes
511 453 760 524 tantummodo
776 458 874 525 sunt.
896 453 984 526 Inde
997 455 1074 526 nati
1090 460 1179 527 sunt
1191 477 1321 528 errores

214 567 274 660 qui
291 567 387 660 apud
408 567 542 639 multos
566 569 675 641 etiam
698 590 797 640 nunc
823 569 960 642 valent.
986 569 1074 642 Inde
1098 570 1146 644 -fit
1171 572 1272 644 euim
1289 579 1324 644 ut

213 684 359 776 politica
395 684 605 756 oeconomia
633 668 797 779 privatae
828 685 998 757 utilitatis
1027 708 1152 759 curam
1183 691 1326 760 unicum

212 799 400 871 societatis
419 800 635 894 principium
655 800 866 895 saepissime
886 800 1054 874 habuerit
1070 809 1109 874 et
1126 803 1327 895 legislatori

208 918 267 1005 jus
298 915 539 1008 denegaverit
563 917 602 988 in
629 916 789 1009 negotiis
819 939 910 1009 quae
939 917 984 988 ad
1009 919 1269 991 commercium
1295 926 1329 992 et

209 1051 380 1124 operosas
401 1037 498 1104 artes
526 1032 685 1104 attinent
708 1053 789 1104 sese
815 1032 1053 1105 immiscendi.
1084 1033 1239 1120 Contra,
1269 1036 1329 1106 sed

209 1146 252 1217 ob
284 1148 446 1220 eamdem
477 1169 639 1234 causam,
668 1149 706 1218 in
736 1147 857 1220 ethica
880 1149 944 1241 jus
975 1134 1124 1221 dominii
1155 1155 1330 1242 tanquam

209 1262 343 1355 aliquid
369 1284 435 1356 per
464 1284 503 1335 se
535 1262 723 1336 immotum
754 1269 792 1334 et
827 1264 1087 1336 inconcussum
1115 1264 1331 1359 plerumque

206 1376 370 1464 habetur,
395 1378 481 1449 dum
508 1400 528 1450 e
547 1378 821 1451 conditionibus
844 1379 980 1472 pendet
1004 1402 1096 1473 quas
1116 1380 1330 1452 divitiarum

208 1494 360 1566 scientia
398 1494 616 1572 determinat
660 1516 823 1588 quaeque
859 1497 1015 1569 maxime
1061 1495 1257 1569 instabiles
1296 1504 1332 1569 et

206 1611 368 1682 diversae
387 1618 485 1684 sunt.
1380 1610 1385 1616 ’

249 1727 361 1798 Immo
384 1748 471 1799 vero
484 1726 583 1799 hunc
599 1748 756 1800 errorem
775 1727 958 1800 discutere
978 1730 1229 1800 necessarium
1252 1740 1333 1804 erat

205 1864 278 1914 non
290 1842 396 1915 modo
412 1849 454 1914 ut
468 1844 616 1937 politica
633 1844 788 1915 scientia
803 1845 1007 1936 proficeret,
1024 1846 1089 1916 sed
1102 1845 1214 1916 etiam
1227 1868 1334 1919 cons-

204 1958 409 2031 titueretur.
446 1959 540 2030 Sane
572 1958 716 2030 diversa
744 1959 806 2029 illa
833 1960 1086 2052 studia,'quae
1115 1960 1182 2031 sub
1215 1963 1332 2034 variis

203 2075 320 2147 titulis
345 2075 389 2146 de
422 2075 579 2168 politicis
604 2075 711 2147 rebus
745 2076 939 2170 separatim
972 2075 1189 2163 tractabant,
1228 2079 1333 2150 illam

203 2212 463 2285 praeparavere
481 2190 613 2284 quippe
634 2212 725 2283 quae
743 2191 849 2263 exiis
869 2197 1026 2262 constet.
1045 2194 1332 2266 Attamen'vere

202 2314 344 2379 tantum
359 2307 501 2380 exst'tit
518 2329 599 2378 cum
616 2308 846 2379 manifestum
862 2305 1010 2378 tandem
1027 2307 1196 2401 apparuit
1216 2309 1335 2402 parti·

202 2425 343 2495 culares
360 2425 440 2494 illas
458 2424 629 2496 scientias
649 2431 749 2494 arcta
764 2422 1035 2495 necessitudine
1058 2423 1150 2494 inter
1174 2444 1215 2496 se
1240 2446 1332 2498 con-

199 2540 305 2632 iungi
334 2547 372 2611 et
396 2539 556 2612 membra
581 2539 691 2609 unius
715 2538 875 2631 corporis
897 2558 992 2609 esse.
1010 2534 1073 2608 -Ad
1097 2559 1175 2610 eam
1200 2546 1332 2613 autem

201 2656 310 2726 animi
321 2657 594 2749 conceptionem
606 2655 786 2748 perveniri
797 2676 870 2725 non
881 2658 1025 2746 poterat
1038 2655 1208 2747 quamdiu
1221 2656 1332 2748 ignc-

199 2770 345 2843 rebatur
366 2772 485 2843 omnia
505 2772 651 2864 quaein
672 2771 847 2842 societate
866 2770 962 2840 liunt
984 2770 1080 2842 inter
1101 2790 1141 2841 se
1161 2778 1331 2864 cognata

200 2872 293 2960 esse.
314 2887 544 2961 Secundatus
562 2909 665 2980 ergo,
684 2893 830 2958 mutuas
851 2885 1076 2979 politicarum
1093 2897 1218 2958 'rerum
1239 2908 1330 2960 con-

198 3005 374 3077 nexiones
401 3003 693 3088 demonstrando,
721 3003 814 3074 banc
840 3004 1022 3073 unitatem
1045 3001 1221 3074 scientiae
1241 3025 1330 3077 nos·

197 3126 275 3192 trae
295 3121 510 3214 praesensit,
529 3120 677 3192 confuse
697 3119 855 3212 quidem.
874 3116 1019 3190 Etenim
1035 3129 1218 3210 nusquam
1234 3118 1329 3194 dicit

197 3235 254 3307 his
265 3236 651 3329 quaestionibus‚quas
663 3234 795 3326 agitat,
806 3232 993 3305 delinitam
1003 3231 1194 3324 quemdem
1207 3233 1329 3308 soien-

197 3353 285 3424 tiam
309 3351 481 3424 constitui
503 3371 612 3446 posse
639 3371 730 3444 quae
755 3349 875 3421 omnia
897 3348 1017 3421 civilia
1040 3348 1138 3420 facta
1162 3351 1326 3444 amplec-

195 3475 307 3558 tatur,
327 3490 418 3562 quae
439 3488 543 3539 suam
559 3466 772 3539 methodum
790 3465 924 3538 habeat
940 3464 1155 3559 proprioque
1172 3467 1325 3542 nomine

196 3584 410 3678 appellanda
444 3584 504 3655 sit.
538 3582 623 3667 Sed,
652 3582 690 3652 in
718 3602 769 3667 re,
802 3580 957 3677 primum
990 3580 1099 3672 hujus
1139 3580 1324 3658 scientiae

197 3703 382 3794 specimen
415 3699 517 3791 quasi
548 3698 687 3769 inscius
724 3697 930 3791 posteritati
961 3695 1073 3768 dedit.
1106 3695 1170 3768 Sin
1185 3712 1188 3717 ’
1202 3696 1326 3790 igitur

196 3816 292 3910 quod
308 3817 347 3887 in
363 3816 439 3887 suis
454 3815 641 3910 principiis
656 3813 928 3904 involvebatur,
946 3834 1020 3885 non
1039 3833 1213 3907 expresse
1232 3833 1324 3888 con·

195 3933 320 4018 cludit,
340 3936 438 4004 certe
454 3931 736 4004 successoribus
753 3930 837 4001 suis
859 3929 956 4001 viam
977 3928 1119 4024 aperuit
1139 3927 1323 4020 qui-oum

192 4049 415 4142 scoioloqiom
449 4049 656 4132 instituent,
691 4048 765 4119 iere
800 4045 889 4117 nihil
926 4045 1024 4116 aliud
1059 4036 1145 4116 novi
1179 4045 1323 4122 facient

193 4168 264 4238 nisi
296 4166 497 4238 studiorum
528 4164 668 4258 generi,
701 4160 798 4257 quod
825 4168 951 4235 noster
983 4161 1153 4247 tentavit,
1180 4175 1322 4238 nomen

191 4285 398 4378 imponent·
