2790 4950
610 330 766 392 „05-

169 456 430 560 Itos'politic'ae
455 486 520 560 per
543 465 706 536 diversas
732 464 873 558 species
903 462 1015 554 vulgo
1036 439 1248 567 diriduntnr

116 575 230 678 quas,
247 585 363 678 prima
379 564 525 674 quidem
539 579 780 674 inspectione,
798 564 935 650 nullam
949 562 1045 650 inter
1062 598 1100 649 se
1117 580 1248 680 cogna-

116 694 273 772 tionem
290 697 423 770 habere
452 697 564 768 dicas.
594 696 662 768 Est
685 696 781 768 enim
804 695 873 768 alia
895 694 1082 787 religionis
1103 701 1246 796 natnra,

116 815 198 886 alia
209 813 303 907 juris
321 819 359 885 et
374 833 526 897 morum,
537 812 606 883 alia
618 798 823 884 commercii
837 796 902 881 aut
913 794 1246 882 administrationis.

120 922 262 1022 ltaque
276 927 320 1000 de
336 948 555 1020 unaquaque
575 927 691 999 classe
708 912 902 1020 separatim
917 923 1065 996 tractari
1086 907 1147 995 din
1168 909 1250 995 soliss

119 1051 206 1116 tum
223 1048 408 1136 astatque
426 1043 537 1114 ctiam
562 1064 660 1114 nunc
692 1043 797 1130 solet,
822 1040 924 1134 quasi
945 1032 1010 1134 per
1027 1061 1079 1124 se,
1097 1039 1251 1111 abstrac-

124 1160 251 1252 tisque
279 1159 372 1244 aliis,
402 1148 579 1252 explorari
609 1146 652 1231 et¹
672 1146 843 1253 explicari
868 1155 996 1249 possit,
1018 1154 1116 1226 haud
1144 1176 1251 1259 secus

126 1282 240 1367 atque
272 1275 311 1345 in
324 1273 476 1368 physica
515 1273 560 1345 de
595 1295 785 1368 corporum
823 1272 1018 1364 gravitate,
1056 1293 1202 1374 seorsus
1232 1294 1253 1342 a

129 1384 486 1476 colore,'disseritur.
508 1388 682 1462 Oeternm
710 1388 873 1462 eamdem
894 1387 1072 1458 factorum
1097 1388 1253 1461 classem

130 1530 217 1580 cum
245 1500 325 1578 aliis
355 1506 620 1597 communicare
643 1528 718 1577 non
740 1506 821 1577 ideo
844 1513 1015 1598 negatur,
1036 1505 1100 1575 sed
1122 1504 1255 1577 leviter

131 1630 291 1708 tantum,
309 1623 360 1694 ita
375 1628 430 1706 ut,
454 1642 537 1692 cum
559 1622 686 1692 intima
706 1643 826 1693 rerum
847 1629 978 1694 natura
998 1642 1071 1692 non
1097 1621 1255 1721 attinga-

132 1743 206 1824 tur,
237 1738 359 1808 omnia
388 1737 479 1808 haec
510 1737 723 1809 commercia
754 1737 832 1808 sino
860 1722 1085 1808 incommodo
1112 1737 1256 1828 negligi

140 1852 291 1946 possint.
313 1851 386 1936 Sic,
405 1852 560 1943 exempli
577 1853 708 1942 gratia,
721 1851 882 1944 plerique
901 1851 961 1942 qni
979 1851 1022 1921 de
1039 1850 1158 1922 ethica
1174 1851 1257 1921 scri·

136 1966 240 2051 bunt,
257 1987 376 2038 mores
393 1972 431 2037 et
449 1965 597 2036 vivendi
612 1956 818 2058 praesepta,
839 1987 929 2057 quae
946 1967 984 2035 in
1004 1988 1074 2035 usn
1092 1971 1179 2036 sunt
1195 1950 1258 2038 ant

136 2105 219 2155 esse
247 2082 393 2167 debent,
425 2086 586 2153 tractant
613 2082 716 2174 quasi
740 2103 806 2174 per
833 2104 872 2153 se
904 2082 1110 2168 existentia,
1139 2103 1258 2175 neque

139 2198 183 2269 ab
213 2198 259 2268 iis
288 2204 439 2269 curatur
466 2219 559 2289 quae
584 2198 632 2268 sit
658 2196 753 2290 apud
779 2185 925 2270 easdem¹
946 2199 1141 2270 societates
1172 2200 1261 2291 divif

137 2314 274 2385 tiorum
289 2318 436 2411 natura;
462 2313 523 2404 qui
546 2334 632 2384 vero
663 2312 706 2383 de
735 2312 884 2397 divitiis,
906 2334 980 2384 non
1001 2314 1138 2386 minore
1155 2314 1261 2386 vehe-

138 2429 276 2501 mentia
303 2422 532 2500 con-tendunt
560 2430 749 2500 scientiam
778 2451 882 2521 qnam
915 2431 1051 2518 colunt,
1078 2430 1261 2523 politicam

140 2544 387 2616 oeconomiam
403 2544 555 2628 scilicet,
575 2545 719 2614 omnino
734 2544 894 2636 suijuris
912 2567 1006 2630 esse,
1026 2533 1164 2637 suoque
1184 2569 1261 2616 mn-

139 2681 227 2733 nere
254 2660 361 2751 iungi
388 2681 497 2753 posse
516 2660 661 2731 etiamsi
681 2659 750 2730 hoc
772 2661 982 2751 regularum
1002 2647 1262 2755 corpus,qu0d

141 2772 300 2846 ethicam
316 2774 519 2857 constituit,
547 2795 695 2866 prorsus
718 2769 919 2867 ignoretur.
944 2765 1060 2850 Multa
1083 2777 1152 2847 alia
1167 2778 1263 2869 ejus-

140 2889 226 2960 dem
244 2889 393 2980 generis
410 2890 576 2982 exempla
594 2890 717 2961 referri
734 2891 888 2984 possint.

187 3005 419 3076 Secundatus
444 3007 571 3077 contra
589 3006 681 3077 bene
708 3011 895 3101 perspexit
915 3009 1035 3078 omnia
1058 3009 1149 3082 haec
1167 3013 1264 3082 inter

142 3144 185 3194 se
206 3123 259 3193 ita
286 3122 479 3195 cohaerere
506 3131 549 3195 ut
577 3124 725 3215 singula
756 3147 820 3217 per
852 3148 903 3210 se,
936 3127 1084 3198 remotis
1113 3131 1260 3215 ceteris,

141 3239 300 3330 intelligi
312 3247 514 3331 nequeant3
528 3240 651 3333 itaque
664 3262 737 3312 non
743 3242 805 3333 jus
817 3264 838 3311 a
851 3241 1022 3326 moribus,
1040 3227 1262 3333 areligione,

143 3378 166 3426 a
180 3356 410 3440 commercio,
426 3361 512 3440 etc,
528 3361 673 3448 separat
688 3377 806 3448 neque
819 3345 1064 3451 praesertima
1081 3358 1266 3430 societatis

146 3471 260 3542 ior-ma
283 3492 376 3563 quae
398 3492 501 3542 snam
523 3472 598 3541 vim
626 3461 670 3541 ad
698 3460 824 3544 omnes
851 3493 910 3543 res
938 3473 1064 3544 civiles
1089 3464 1264 3546 extendit.

147 3586 306 3670 Etenim,
331 3585 496 3677 quamvis
518 3585 664 3657 diversa
682 3587 767 3670 sint,
781 3585 890 3658 unius
903 3575 1138 3680 ejusdemque
1154 3574 1268 3661 socie·

145 3702 236 3773 tetis
249 3703 363 3772 vitam
384 3694 611 3795 exprimunt,
632 3704 742 3772 variis
764 3702 928 3795 ejusdem
948 3704 1107 3795 corporis
1131 3704 1268 3797 politici

146 3819 313 3915 partibus
331 3826 395 3891 aut
412 3819 561 3911 organis
580 3820 814 3914 respondent.
843 3820 906 3891 Sin
924 3826 1045 3893 autem
1067 3840 1141 3891 non
1163 3843 1269 3913 qnae-

150 3941 255 4006 ratur
281 3933 466 4027 quomodo
498 3955 636 4026 organa
666 3935 762 4006 inter
796 3955 834 4006 se
865 3936 1098 4007 consentiant
1129 3936 1269 4030 aliaque

147 4050 193 4121 ab
209 4049 293 4120 aliis
313 4047 527 4133 afficiantur,
547 4049 651 4141 quale
669 4050 717 4120 sit
734 4041 1022 4143 uniuscnjusque
1039 4073 1170 4122 munus
1188 4039 1272 4123 defi-

146 4163 220 4237 niri
241 4183 318 4236 non
339 4164 486 4258 poterit.
507 4164 619 4236 Immo
640 4165 847 4239 eorumdem
865 4173 995 4241 natura
1015 4187 1163 4259 prorsus
1184 4168 1273 4240 late-

120 4272 126 4278 ’
148 4276 225 4352 bit:
245 4303 329 4351 nam
345 4280 496 4352 totidem
512 4302 649 4374 reaper
668 4303 707 4354 se
725 4281 925 4354 existentes
941 4303 1023 4354 esse
1040 4282 1272 4372 videbuntur,

1087 4417 1104 4468 5
