2790 4950
447 754 596 833 CAPUT
622 753 805 833 PRIMUM
892 822 895 826 .

67 1011 164 1070 QUAE
189 1012 266 1063 SINT
290 1011 521 1062 coNu1r1oNus
542 1010 779 1061 merlrorroru
800 1009 980 1060 rourloeu
998 999 1181 1060 solnuurn'u

506 1127 743 1178 uuoussnulau

616 1431 632 1504 Ι

111 1687 221 1758 Nulla
249 1686 413 1758 doctrina
441 1685 615 1759 scientiae
641 1705 774 1758 nomen
801 1691 960 1759 meretur
991 1707 1082 1781 quae
1109 1684 1183 1759 non

65 1804 254 1876 materiam
301 1790 473 1898 aliquam
512 1802 796 1886 determinatam,
852 1789 958 1895 quam
987 1804 1181 1897 chploret,

65 1920 210 1992 habeat.
232 1920 393 1992 Scientia
415 1919 511 1991 enim
533 1919 572 1988 in
596 1918 704 1990 rebus
734 1901 1021 2004 versatur3snisi.
1038 1919 1123 2013 quid
1150 1920 1184 1991 ei

66 2036 192 2106 datum
220 2037 268 2106 sit
293 2035 388 2123 quod
415 2034 595 2106 describat
624 2039 661 2106 et
693 2034 965 2128 interpretetur,
1000 2034 1037 2105 in
1067 2055 1183 2106 vacuo

66 2152 237 2224 consistit
258 2173 327 2223 nec
344 2151 536 2246 quicquam
552 2156 609 2222 est
634 2150 729 2243 quod
754 2149 822 2220 sibi
844 2171 1043 2245 proponere
1066 2151 1185 2245 possit

65 2268 163 2338 ultra
189 2267 284 2337 hanc
317 2267 597 2361 descriptionem
620 2271 728 2358 atque
751 2266 1100 2360 interpretationem.
1130 2266 1183 2337 Ea

68 2384 206 2455 ratione
249 2403 420 2454 numeros
459 2381 685 2454 arithmetica
727 2381 944 2468 considerat,
984 2382 1183 2474 geometria

69 2500 228 2593 spatium
245 2505 283 2571 et
297 2500 449 2591 figurae,
469 2498 642 2571 scientiae
658 2498 843 2570 naturales
866 2481 1016 2592 corpora
1030 2499 1184 2592 animata

68 2623 105 2687 et
120 2615 330 2702 inanimata,
352 2615 594 2709 psychologia
616 2615 770 2710 denique
793 2623 953 2690 mentem
976 2617 1180 2689 humanam.

69 2733 195 2826 ltaque
215 2738 257 2804 ut
278 2731 432 2804 scientia
454 2731 601 2825 politica
622 2731 766 2803 institui
794 2738 932 2826 posset,
960 2737 1043 2804 ante
1066 2733 1184 2804 omnia

68 2849 316 2920 necessarium
332 2852 410 2919 erat
425 2847 612 2919 materiam
629 2853 765 2920 certam
780 2849 813 2921 ei
830 2848 1032 2940 assignari.¹

114 2964 233 3035 Primo
252 2963 395 3057 quidem
418 2964 593 3057 adspectu
609 2963 700 3034 nihil
718 2963 919 3058 promptius
938 2985 1020 3036 esse
1040 2963 1184 3036 videtur

71 3103 178 3175 quam
201 3081 294 3152 hanc
319 3079 568 3152 difficultatem
592 3080 792 3163 exsolvere.
816 3079 945 3152 Nonne
974 3080 1069 3176 enim
1091 3078 1185 3150 Poli-

69 3198 145 3270 tica
158 3220 218 3269 res
241 3197 419 3292 politicas,
442 3197 479 3267 id
507 3202 564 3269 est
579 3197 696 3288 leges,
715 3217 846 3281 mores,
865 3180 1074 3289 religiones
1095 3201 1182 3281 etc„

69 3336 135 3409 pro
152 3315 303 3386 materia
321 3314 453 3385 habetl
470 3313 534 3384 Sin
556 3317 677 3384 autem
698 3313 885 3384 historiam
906 3312 1091 3406 respicies,
1120 3311 1186 3382 tibi

71 3431 253 3504 constabit
272 3431 411 3502 nullum
433 3429 698 3523 philosophum,
724 3452 840 3522 usque
866 3430 911 3501 ad
934 3429 1186 3501 recentissima

71 3556 247 3642 tempora,
279 3568 342 3619 eas
381 3547 434 3618 ita
474 3545 699 3639 concepisse.
735 3545 879 3618 Etenim
918 3546 1037 3618 omnia
1067 3566 1110 3617 ea
1141 3545 1184 3616 ab

70 3664 257 3736 hominum
272 3664 459 3736 uoluntate
476 3662 527 3732 ita
541 3661 698 3755 pendere
723 3661 987 3733 arbitrabantur
1001 3667 1044 3733 ut
1060 3660 1185 3734 eadem

70 3803 144 3852 non
161 3781 340 3853 sentirent
355 3801 440 3852 vere
462 3800 520 3851 res
543 3799 636 3862 esse,
660 3778 757 3848 haud
779 3799 886 3850 secus
912 3784 1020 3871 atquc
1045 3778 1186 3851 ceteras

70 3905 221 3968 naturae
256 3917 328 3980 res,
365 3917 456 3988 quae
486 3915 571 3965 suas
598 3894 838 3988 proprietates
872 3894 1007 3978 habent
1032 3894 1185 3988 ideoque

72 4012 245 4109 scientias
260 4012 460 4105 requirunt,
476 4010 606 4104 quibus
626 4010 876 4082 describantur
889 4016 927 4083 et
940 4011 1184 4102 explicentur;

72 4129 255 4203 sedeatis
282 4149 363 4200 esse
392 4126 584 4199 videbatur
615 4127 645 4197 si
687 4126 865 4198 humanae
893 4110 1072 4198 uoluntati
1101 4127 1187 4218 quid

71 4246 282 4341 petentum,
303 4244 388 4338 quid
404 4244 619 4336 fugiendum
635 4248 732 4316 essct
751 4244 789 4314 in
804 4242 1038 4316 societatibus
1055 4243 1187 4316 consti-
