2790 4950
621 343 654 355 ..
679 304 778 371 5¹1-

135 422 326 516 anomali
349 422 448 515 statu
463 424 678 515 deflectitur.
697 438 824 537 Itaque
845 442 994 536 politica
1013 441 1167 516 scientia
1186 443 1255 519 lrac

134 546 391 653 contingentia
426 541 500 631 non
522 559 729 643 ·erertitur;
774 559 838 631 sed
882 563 1025 632 tantum
1066 546 1254 632 minuitur.

133 673 276 771 Nempe
292 697 356 771 pro
380 660 531 748 materia
554 676 649 748 solas
665 675 739 749 fere
755 675 865 748 habet
888 677 1069 748 normales
1085 676 1255 770 politicae

133 793 234 866 ritae
247 792 393 865 formas.
408 792 524 865 Morbi
536 782 670 876 autem,
684 792 799 864 nostri
817 793 1012 877 sententia,
1027 797 1130 865 extra
1143 793 1259 866 scien·

133 909 222 982 dam
238 923 356 1003 paene
373 914 471 990 sunt,
490 909 574 1005 quia
590 913 693 980 extra
711 914 860 980 naturae
876 910 981 1000 leges
997 916 1194 1004 ponuntur.

178 1024 268 1120 Ipsa
296 1029 416 1098 autam
443 1024 618 1097 naturalis
634 1023 741 1117 ‘legis
770 1025 970 1118 conceptio,
1002 1047 1110 1118 quam
1137 1026 1261 1098 omnia·

133 1141 227 1213 llaec
248 1140 450 1236 continent,
471 1141 624 1241 multum
641 1139 758 1213 adhuc
775 1140 926 1213 retinuit
946 1141 1042 1234 quod
1063 1141 1257 1214 obscurum

136 1239 173 1329 et
197 1256 380 1328 incertum
407 1259 477 1330 cst.
501 1253 620 1347 Leges
647 1255 742 1327 enim
770 1261 866 1326 eunt
884 1257 1111 1329 necessariae
1135 1279 1256 1333 rerum

136 1370 536 1456 connexiones3sivero
547 1352 727 1444 interdum
735 1370 862 1444 violari
872 1376 1257 1465 possuntnonveram

135 1469 397 1560 necessitatem
416 1486 564 1572 habent,
584 1486 648 1558 sed
668 1507 766 1560 mere
782 1488 952 1580 logicam.
973 1488 1121 1561 Scilicet
1140 1491 1257 1585 expri-

135 1610 243 1676 munt
261 1603 356 1696 quod
373 1603 411 1673 in
430 1603 616 1674 societatis
637 1601 846 1675 definitione
863 1605 1083 1700 implicatum
1101 1606 1261 1678 societas

137 1726 262 1792 autem
278 1719 384 1790 eliam
404 1702 553 1790 formam
569 1718 736 1791 affectare
753 1726 876 1814 potest
894 1741 1001 1813 quam
1018 1742 1109 1814 quac
1127 1742 1173 1793 ex
1191 1744 1258 1793 cua

135 1842 269 1909 natura
297 1834 520 1908 rationaliter
550 1836 731 1928 sequitur,
754 1835 825 1908 Per
852 1856 914 1907 eas
941 1837 1056 1929 igitur
1083 1837 1256 1908 discimus

135 1975 211 2025 non
233 1951 330 2045 quod
353 1955 424 2035 eet,
450 1951 514 2022 sed
535 1935 629 2042 quod
650 1959 707 2023 est
733 1953 920 2024 rationale.
939 1951 1065 2038 Immo,
1092 1955 1257 2047 quamvis

138 2067 371 2143 Secundatus
393 2089 467 2138 non
491 2067 672 2140 existimet
685 2067 850 2171 homines
867 2089 1009 2162 semper
1023 2075 1086 2142 aut
1105 2070 1259 2166 plerum·

137 2206 208 2283 que
223 2207 256 2286 a
282 2184 466 2258 rectoria
493 2184 691 2270 aberrasse,
718 2184 783 2256 sed
809 2191 936 2257 contra
961 2184 1059 2278 quod·
1083 2185 1197 2279 longa
1219 2192 1261 2260 et

136 2300 303 2402 generali
317 2300 543 2394 experientia
553 2301 805 2372 confirmatum
816 2307 874 2374 est
888 2308 1017 2396 sponte
1034 2309 1255 2389 revereatur,

135 2425 262 2490 temen
278 2416 452 2511 quasdam
469 2415 714 2489 deformitates
737 2417 902 2489 omnibus
914 2416 1087 2511 ejusdem
1108 2421 1256 2510 generis

135 2531 336 2607 individuis
351 2544 433 2604 ¹esse
449 2531 609 2605 confidit.
621 2531 703 2605 Non
716 2534 833 2606 sensit
844 2533 933 2607 nihil
949 2534 1023 2606 fere
1039 2535 1077 2604 in
1089 2540 1165 2607 tota
1179 2557 1261 2632 ape·

137 2651 195 2724 cle
210 2648 417 2720 universale
433 2668 514 2720 ease
529 2669 637 2743 posse
651 2649 747 2742 quod
759 2672 832 2722 non
849 2651 959 2722 certis
974 2650 1256 2723 necessitatibus

136 2766 370 2861 respondeat.
379 2764 543 2858 Exempli
556 2767 688 2856 gratia,
699 2767 863 2859 quamvis
875 2767 1061 2842 servitutis
1074 2767 1256 2838 institutio

137 2881 237 2977 apud
268 2901 392 2953 omnes
420 2901 573 2973 graecas
598 2881 810 2975 italicasque
839 2882 1065 2975 antiquitatis
1089 2883 1257 2953 civitates

137 2985 177 3071 in
196 3019 268 3071 usu
288 2998 408 3083 suerit,
435 3019 514 3070 eam
534 3003 657 3069 tamen
680 3020 700 3068 a
721 2997 954 3094 Reipublicae
977 3003 1106 3072 natura
1132 2998 1261 3071 abhors

138 3137 220 3190 rere
249 3115 409 3187 declarat
426 3113 481 3207 (¹).
510 3113 724 3207 Quanquam
745 3117 817 3209 jus
838 3115 977 3209 repudii
1006 3115 1256 3188 tantummodo

139 3235 301 3306 virorum
319 3237 375 3304 est
392 3231 610 3324 ubicumque
630 3231 783 3304 feminae
803 3232 842 3303 in
863 3232 1061 3304 domestica
1078 3233 1259 3304 servituto

139 3351 284 3434 vivunt,
301 3348 341 3419 in
360 3347 491 3420 iisdem·
506 3348 740 3434 societatibus
762 3349 849 3420 solis
869 3348 1011 3420 feminis
1032 3347 1126 3420 hanc
1148 3348 1258 3419 facul·

140 3473 255 3540 tatem
283 3463 511 3558 vindicate).
539 3462 634 3548 Quin
658 3470 716 3536 est
740 3485 853 3535 unum
881 3454 1096 3535 societatum
1120 3485 1254 3556 genus,

138 3581 320 3678 Tyrannio
347 3581 499 3665 scilicet,
530 3578 625 3674 quod
655 3579 882 3653 Secundatus
911 3579 1044 3673 aliquid
1070 3580 1192 3652 vitiasi
1219 3563 1257 3652 et

139 3701 301 3795 corrupti
316 3720 381 3794 per
400 3718 439 3769 ee
459 3696 590 3768 habere
611 3701 750 3783 censet,
767 3699 932 3790 quamvis
945 3696 1041 3766 idem
1056 3696 1094 3766 in
1111 3697 1256 3797 quibus-

139 3820 225 3891 dam
250 3817 341 3889 locis
372 3814 619 3887 necessarium
650 3834 731 3886 esse
763 3814 841 3909 ipse
869 3806 1050 3905 agnoscat
1069 3813 1125 3906 (³).
1160 3793 1257 3886 Ordo*

171 4060 204 4126 (¹)
218 4058 273 4121 XV,
285 4057 310 4121 1,
322 4057 350 4108 in
362 4054 423 4107 flue.

171 4141 206 4204 (¹)
221 4137 336 4203 xvl,15.

171 4221 202 4284 (θ)
220 4220 277 4271 ‹Le
298 4217 416 4284 principe
437 4217 472 4267 du
493 4223 698 4282 gouvcrnement
719 4218 869 4285 despotique
888 4233 916 4269 se
934 4223 1067 4282 corrompt
1088 4233 1149 4269 sans
1172 4231 1254 4283 cesse,

133 4315 218 4371 parce
228 4298 292 4365 qu'il
303 4302 342 4349 est
352 4310 491 4361 corrompu
504 4311 551 4362 par
561 4311 589 4347 sa
602 4302 702 4351 nature.
713 4312 725 4347 a
736 4297 816 4362 (vlu,
826 4297 879 4362 lc.)
