2790 4950
706 282 862 344 -li-

231 416 389 500 tuendis
409 415 657 508 quaerebatur.
684 416 810 509 Itaque
837 417 956 487 civilia
980 418 1150 490 instituta
1176 426 1216 490 et
1245 420 1347 504 lacta,

232 554 306 603 non
324 533 443 625 qualia
469 538 594 604 essent
618 538 655 603 et
677 533 773 603 unde
799 541 885 618 orta,
911 535 976 605 sed
998 536 1118 627 qualia
1139 557 1226 607 esse
1253 535 1350 610 debe·

233 654 325 732 rent,
342 647 589 740 inquirebant;
607 671 680 718 non
697 649 742 718 iis
758 669 865 719 curae
883 655 960 720 erat
976 655 1126 722 naturae
1152 650 1348 742 imaginem

233 786 339 858 quam
362 765 516 835 maxime
535 786 657 836 veram
680 764 784 835 nobis
804 763 965 851 reddere,
988 767 1052 838 sed
1073 766 1194 839 ideam
1220 769 1351 862 perfec·

233 886 292 952 tae
316 879 504 973 cujusdam
527 880 713 952 societatis
738 879 962 952 admirationi
991 888 1028 953 et
1052 883 1251 954 imitationi
1276 905 1351 955 nos·

231 1003 310 1070 trae
330 1016 542 1090 proponere.
560 997 775 1068 Aristoteles
797 997 888 1090 ipse,
911 998 1075 1090 quamvis
1102 1001 1350 1093 experientiae

232 1114 351 1205 magis
384 1135 491 1204 quam
520 1113 624 1184 Plato
656 1113 892 1198 consuluerit,
919 1135 993 1185 non
1021 1116 1226 1186 communis
1254 1117 1347 1188 vitae

234 1230 338 1322 leges
353 1230 509 1323 reperire
525 1229 591 1299 sibi
612 1229 811 1323 proposuit,
831 1229 895 1301 sed
919 1252 1009 1324 quae
1034 1231 1083 1302 sit
1111 1233 1253 1325 optima
1269 1232 1350 1304 civi-

233 1347 319 1418 tatis
334 1347 458 1417 forma.
476 1346 658 1440 Principio
675 1349 775 1440 ponit
794 1346 1001 1418 civitatibus
1015 1346 1106 1418 nihil
1132 1348 1234 1418 aliud
1253 1372 1353 1444 appe·

233 1463 383 1534 tendum
395 1484 476 1535 esse
488 1485 595 1555 quam
606 1469 649 1535 ut
660 1463 759 1534 cives
772 1464 918 1535 virtutis
930 1486 1000 1535 usu
1012 1464 1137 1536 felices
1149 1465 1354 1538 efficiantur

234 1580 477 1672 virtutemque
503 1580 541 1649 in
565 1580 868 1674 contemplatione
895 1581 1110 1665 consistere;
1138 1603 1265 1675 neque
1288 1584 1353 1654 hoc

237 1698 366 1769 statuit
391 1702 564 1789 tanquam
590 1697 712 1788 legem
736 1717 843 1790 quam
862 1697 1057 1769 societates
1080 1714 1209 1770 revera
1234 1699 1354 1772 obser-

238 1819 339 1903 vent,
357 1814 422 1885 sed
440 1813 630 1885 observare
652 1812 808 1885 debeant
827 1818 869 1885 ut
884 1813 1048 1885 homines
1064 1820 1235 1885 naturam
1252 1836 1355 1887 suam

240 1933 496 2024 exsequantur.
525 1927 660 2001 Postea
694 1928 838 2021 quidem
868 1950 927 2000 res
960 1929 1152 2002 historicas
1187 1932 1352 2026 respicit,

237 2048 302 2120 sed
324 2047 398 2120 fere
423 2052 567 2118 tantum
593 2050 635 2117 ut
656 2066 718 2118 eas
737 2046 878 2138 judicet
903 2051 1151 2139 monstratque
1172 2047 1354 2140 quomodo

236 2186 303 2235 sua
328 2165 505 2258 principia
531 2163 640 2236 variis
665 2161 808 2233 casibus
841 2163 956 2256 aptari
982 2163 1138 2257 possint.
1165 2164 1240 2235 Alii
1267 2186 1354 2238 vero

233 2281 371 2376 politici
400 2281 606 2374 scriptores,
638 2279 698 2372 qui
725 2278 914 2352 Aristoteli
940 2285 1213 2368 successerunt,
1243 2281 1355 2375 hujus

236 2398 440 2492 exemplum
460 2398 542 2492 plus
566 2397 732 2468 minusve
758 2396 872 2468 secuti
903 2402 1001 2468 sunt.
1021 2397 1094 2470 Seu
1119 2416 1177 2471 res
1207 2400 1356 2472 omnino

235 2515 446 2607 negligunt,
481 2535 547 2586 seu
573 2514 750 2586 attentius
779 2519 842 2586 aut
870 2515 988 2587 levius
1015 2536 1075 2586 eas
1103 2515 1354 2603 considerant,

237 2653 361 2704 omnes
378 2631 423 2702 ad
441 2631 478 2702 id
500 2636 674 2725 pergunt,
692 2650 765 2702 non
781 2636 823 2702 ut
842 2652 904 2703 eas
924 2637 1162 2725 cognoscant,
1189 2632 1258 2705 sed
1281 2654 1356 2706 cor

235 2751 361 2843 rigant
375 2755 439 2821 aut
455 2748 564 2821 etiam
580 2748 623 2819 ab
640 2748 711 2819 imo
732 2749 777 2819 ad
800 2769 980 2820 summum
997 2755 1235 2835 convertant3
1251 2772 1357 2846 prae·

238 2868 355 2939 sentia
369 2866 484 2958 igitur
498 2867 765 2960 praeteritaque
781 2864 869 2936 nihil
884 2884 998 2959 paene
1015 2866 1151 2938 habent
1167 2867 1268 2960 quod
1292 2889 1354 2941 eos

238 2984 432 3067 destineat,
458 2982 523 3054 sed
542 2981 587 3053 ad
605 2981 767 3053 futurum
790 2987 969 3077 spectant.
990 2982 1115 3054 Omnis
1132 2988 1254 3056 autem
1275 2984 1356 3057 doe·

238 3101 344 3185 trina,
378 3120 469 3194 quae
504 3100 548 3170 ad
578 3100 740 3171 futurum
773 3103 928 3192 spectat,
961 3119 1042 3170 cum
1073 3106 1173 3172 certa
1207 3102 1355 3173 omnino

238 3216 388 3288 materia
402 3221 535 3301 careat,
553 3236 627 3286 non
643 3216 807 3300 scientia,
826 3214 891 3287 sed
911 3237 969 3285 ars
985 3216 1198 3310 appellatur.

279 3333 411 3405 Fateor
443 3332 608 3426 equidem
640 3332 732 3402 hano
762 3337 875 3403 artem
907 3330 985 3403 sine
1018 3330 1171 3424 quadarn
1200 3331 1357 3405 scientia

237 3471 424 3543 nunquam
437 3450 563 3522 fuisse.
584 3449 698 3521 Nemo
721 3448 817 3521 enim
832 3468 992 3541 unquam
1017 3447 1175 3519 asseruit
1197 3448 1355 3542 aliquam

237 3566 455 3661 reipublicae
471 3567 620 3638 formam
636 3565 767 3638 ceteris
791 3563 1081 3658 anteponendam
1101 3584 1183 3635 esse
1203 3564 1265 3657 qui
1281 3586 1357 3637 non

237 3682 463 3774 argumentis
480 3681 723 3754 demonstrare
740 3685 900 3753 tentaret
916 3699 982 3751 our
998 3699 1078 3751 eam
1095 3683 1354 3772 anteponeret3

238 3805 330 3870 haec
351 3803 472 3870 autem
495 3797 753 3870 demonstratio
775 3818 794 3868 e
815 3797 923 3868 rebus
944 3800 1090 3869 constet
1110 3815 1264 3867 necesse
1283 3801 1354 3868 est.

241 3915 279 3986 Si
311 3914 403 4006 quis,
439 3915 593 4008 exempli
625 3914 756 4006 gratia,
794 3912 1048 3984 democratiam
1080 3910 1196 3983 credit
1227 3911 1357 3984 aristo-

239 4032 372 4103 cratiae
403 4037 601 4125 praestare,
633 4030 731 4100 illam
764 4052 847 4102 eum
875 4029 1033 4100 humana
1063 4033 1194 4100 natura
1223 4029 1357 4101 melius

241 4153 506 4240 congruentem
527 4152 715 4233 monstrat,
749 4155 812 4218 aut
837 4146 988 4218 historia
1010 4145 1171 4218 ostendit
1196 4145 1357 4217 aliberis

240 4265 414 4355 gentibus
442 4264 530 4335 alias
553 4271 740 4358 superatas
766 4285 861 4352 esse,
886 4269 956 4336 etc.
987 4264 1247 4356 Quodcumque
1273 4269 1357 4337 ten-
