2790 4950
541 291 700 352 ..15-

59 423 206 493 cuidam
220 423 391 495 materiae
410 445 490 496 sese
517 425 675 518 applicet
697 429 739 494 ut
762 444 841 496 eam
866 432 1080 516 cognoscat,
1102 427 1180 498 sine

57 539 135 608 ulla
150 538 318 610 utilitatis
342 560 440 610 cura.
459 538 512 609 Ea
534 539 630 611 enim
653 539 871 625 conditione,
894 547 1053 633 urgente
1079 543 1179 613 nulla

60 656 155 726 vitae
181 657 417 744 necessitate,
442 657 568 750 procul
592 679 613 726 a
634 656 837 729 forensibus
859 658 1081 753 privatisque
1106 679 1181 730 cer-

57 773 256 845 taminibus
288 773 327 844 in
356 772 538 844 umbratili
567 793 656 865 pace
691 778 729 845 et
763 774 1021 866 tranquillitate
1050 775 1179 846 studiis

57 911 189 961 vacare
215 889 313 974 licet,
339 909 408 960 nec
439 889 633 982 quidquam
655 909 723 960 nos
749 889 877 962 incitat
900 896 942 961 ut
966 891 1113 982 longius
1140 891 1179 961 in

58 1004 309 1078 concludendo
341 1004 615 1098 progrediamur
647 1026 753 1098 quam
785 1005 910 1077 sinunt
945 1013 1175 1099 argumenta.

59 1120 157 1193 Sane
174 1143 217 1191 ea
229 1120 310 1215 ipsa
326 1142 418 1215 quae
436 1120 480 1210 de
497 1120 605 1192 rebus
621 1121 812 1193 abstractis
829 1121 1034 1215 cogitamus
1056 1143 1075 1195 e
1094 1144 1178 1217 pec-

57 1244 138 1310 tore
168 1237 351 1323 oriuntur;
379 1243 510 1331 pectus
535 1237 733 1310 enimions
756 1237 870 1311 totius
893 1239 1002 1311 vitae.
1032 1240 1115 1326 Sed,
1140 1241 1178 1311 ni

56 1355 170 1426 animi
187 1348 374 1427 affectibus
392 1347 529 1435 temere
545 1352 720 1427 inservire
736 1355 903 1444 velimus,
922 1362 1092 1450 opportet
1114 1378 1177 1429 eos
1209 1340 1211 1344 ’

55 1469 198 1544 ratione
223 1470 401 1543 moderari
431 1470 677 1564 rationemque
702 1471 782 1543 ideo
810 1477 920 1566 supra
942 1471 1039 1545 vitae
1069 1481 1177 1544 casus

56 1595 96 1660 et
115 1593 272 1660 eventus
296 1585 485 1673 extollere3
502 1609 658 1682 namque
680 1588 898 1678 aliter,*cum
918 1588 1183 1683 cupiditatibus¹

55 1706 265 1798 omnigenis
295 1705 410 1799 impar
440 1705 505 1792 sit,
533 1727 573 1779 se
606 1726 675 1798 quo
709 1705 943 1800 impellerent
970 1706 1176 1787 necessario

55 1829 302 1897 converteret.
394 1868 421 1879 „
498 1874 500 1881 -
731 1848 733 1852 ⁸

100 1938 158 2012 Ne
176 1938 317 2012 credas
345 1938 682 2012 autemscientiam
710 1938 791 2011 ideo
829 1938 994 2011 inutilem
1009 1960 1103 2011 esse
1131 1938 1176 2011 ad
1207 1968 1210 1974 ·

54 2057 257 2148 regendam
279 2056 464 2129 hominum
487 2056 617 2142 vitam3
644 2054 711 2126 arti
735 2061 862 2127 contra
885 2076 927 2128 eo
944 2055 1063 2148 magis
1079 2057 1176 2128 auxi-

52 2170 166 2244 liatur
189 2193 259 2266 quo
279 2172 408 2244 melius
432 2171 476 2243 ab
500 2193 544 2244 ea
567 2177 766 2266 separatur.
792 2172 936 2245 Etenim
962 2172 1047 2266 quid
1071 2173 1176 2245 nobis

54 2288 326 2383 optabilius'est
341 2311 448 2385 quam
471 2295 592 2362 mente
607 2295 644 2361 et
666 2309 814 2385 corpore
838 2290 1075 2363 sanos‘esse‘l
1092 2289 1176 2362 Sola
1232 2320 1234 2326 ·

54 2411 180 2478 autem
209 2399 361 2479 scientia
393 2406 623 2480 determinari
661 2412 785 2501 potest
816 2406 855 2476 in
892 2427 961 2501 quo
1001 2405 1176 2478 consistat

53 2523 190 2594 mentis
209 2523 441 2618 corporisque
464 2523 558 2594 bona
580 2522 763 2594 valetudo.
783 2522 945 2595 Scientia
967 2522 1075 2604 enim,
1092 2544 1175 2595 cum
1204 2557 1207 2560 ·

53 2638 176 2710 varias
210 2637 397 2712 hominum
440 2638 637 2712 societates
675 2660 741 2733 per
781 2660 918 2732 genera
960 2645 999 2712 et
1031 2638 1174 2733 species

56 2759 226 2848 separet,
247 2772 341 2849 quse
373 2756 423 2828 sit
459 2755 630 2828 normalis
653 2755 762 2827 -vitae
797 2755 964 2850 politicae
994 2756 1107 2827 forma
1131 2755 1175 2826 'in
1275 2848 1278 2852 ι

55 2892 200 2964 quaque
232 2872 353 2966 specie
379 2893 453 2944 non
478 2871 681 2944 describere
708 2893 781 2944 non
816 2879 952 2967 potest,
982 2879 1174 2967 propterea

56 2989 154 3081 qnod
179 2989 338 3084 speciem
364 2989 482 3084 ipsam
506 2989 699 3062 describit:
724 3011 808 3060 nam
832 2987 1005 3084 quidquid
1029 2989 1074 3061 ad
1099 3011 1182 3092 spe·-

55 3105 150 3177 ciem
182 3106 314 3179 attinet
346 3105 518 3178 normale·
535 3112 606 3192 est,
639 3105 812 3199 quidquid
844 3113 966 3179 autem
998 3105 1172 3192 normale,
1259 3195 1262 3201 .

56 3242 200 3293 sanum.
218 3221 431 3295 Praeterea
463 3242 546 3294 oum
577 3222 616 3292 in
654 3221 767 3294 altera
795 3221 968 3294 scientiae
999 3229 1101 3316 parte
1129 3224 1174 3294 de

53 3337 190 3408 morbis
216 3338 492 3431 morborumque
520 3338 641 3410 causis
670 3343 815 3430 agatur,
844 3358 918 3409 non
948 3338 1053 3411 modo
1088 3339 1174 3432 quid

55 3454 268 3547 optandum,
286 3455 351 3527 sed
368 3455 477 3528 etiam
490 3453 576 3548 quid
586 3454 802 3546 fugiendum
815 3461 852 3527 et
865 3476 938 3547 qua·
946 3455 1007 3526 via
1019 3455 1175 3528 arcenda

54 3570 217 3663 pericula
234 3569 320 3662 sint,
335 3569 579 3643 admonemur.
596 3570 724 3663 Itaque
740 3568 810 3642 hoc
830 3571 918 3642 artis
933 3571 1048 3665 ipsius
1065 3571 1175 3644 refert

54 3692 99 3757 nt
115 3685 269 3759 scientia
287 3687 331 3759 ab
347 3709 391 3760 ea
407 3688 574 3781 sejuncta
590 3686 693 3780 quasi
708 3708 817 3758 manu
833 3688 1009 3760 mittatur.

101 3801 320 3875 Addendum
335 3810 406 3876 ‘est
423 3809 546 3876 autem
570 3804 717 3876 cuilibet
744 3804 917 3878 scientiae
939 3825 1042 3876 suam
1062 3810 1174 3878 mate⁴

55 3917 146 3990 riam
160 3918 341 4012 propriam
353 3924 396 3992 ¹et
416 3918 635 4014 peculiarem
656 3940 737 3992 esse
759 3919 915 3993 debere:
938 3942 1022 3991 nam
1041 3920 1072 3992 si
1091 3941 1174 3992 cum

55 4033 137 4104 aliis
160 4034 324 4107 cientiis
351 4048 435 4109 ‘eam
462 4055 688 4110 communem
716 4035 880 4124 haberet,
910 4037 991 4132 ipsa
1021 4059 1103 4110 curn
1128 4038 1173 4109 iis

55 4151 350 4225 confunderetur.
