2790 4950
177 454 236 525 hie
262 459 383 526 sutem
408 455 691 527 instrumentum
719 458 842 551 potius
873 465 1025 554 estque
1053 462 1271 538 instituuntur

178 593 284 663 quam
303 593 426 661 earum
441 587 550 643 nenne
566 571 789 664 generatrix.
1108 599 1113 603 ·

171 716 174 720 ·
220 690 301 760 Non
317 687 376 760 hie
389 688 495 761 loeus
513 695 571 761 est
582 683 889 784 disputandinum
903 692 978 766 siut
989 695 1113 767 civilis
1124 697 1272 770 instituta

174 818 266 898 quse
294 829 315 876 a
342 803 462 878 nensis
492 806 660 878 finalibus
684 813 761 880 tote
789 809 990 902 pendeant3
1020 818 1183 887 steorte
1216 837 1271 886 uon

172 915 319 992 nubium
335 928 453 995 estes
471 923 653 995 rarissimu
673 941 767 997 esse.
793 922 937 998 Etenim
957 928 1108 1020 politius
1132 930 1209 1002 vite
1230 935 1271 1003 tet

169 1042 344 1133 tantaque
370 1039 409 1111 in
439 1059 477 1113 se
494 1040 659 1114 eontinet
684 1049 727 1114 nt
751 1046 856 1114 neme
878 1045 1099 1117 semanimo
1120 1046 1270 1142 amplecti

168 1152 306 1261 taleam
323 1155 446 1250 itaque
461 1174 534 1230 nen
551 1158 654 1230 fenile
671 1165 729 1230 est
748 1159 834 1252 quid
849 1159 967 1232 eidem
979 1160 1209 1254 profuturum
1221 1161 1268 1248 sit,

169 1271 255 1367 quid
270 1259 595 1375 nonppreev'idere.
610 1270 763 1346 Etiamsi
778 1270 869 1346 hese
885 1277 1111 1370 computatio
1126 1285 1268 1350 mentem

166 1381 361 1462 humanam
378 1391 591 1484 plerumque
607 1403 681 1464 nen
697 1397 906 1486 exsuperet,
929 1391 1018 1464 edeo
1044 1393 1213 1466 abstruse
1225 1399 1268 1466 su

165 1513 212 1580 nt
247 1526 322 1579 nen
363 1525 535 1599 magnam
567 1508 641 1578 vim
679 1506 811 1581 hebere
849 1508 967 1602 possit
996 1509 1041 1580 ud
1073 1510 1266 1584 voluntetes

164 1619 373 1697 movendas.
392 1623 465 1697 Res
480 1621 595 1716 igitur
618 1624 744 1696 civiles
766 1644 840 1696 non
856 1642 902 1697 ex
924 1626 1068 1698 ustione·
1082 1629 1267 1701 constitute

163 1738 240 1814 fieri
273 1741 410 1827 selent;
450 1741 554 1834 leges
596 1757 670 1813 non
698 1742 817 1814 medie
847 1747 936 1813 sunt
969 1764 1061 1835 quse
1093 1743 1266 1836 legislator

163 1859 564 1954 excogitat-propterea
587 1854 684 1950 qued
710 1857 894 1930 soeietetis
912 1865 1064 1930 netume
1089 1860 1264 1933 eoneinere

160 1973 349 2062 videntum
374 1974 477 2048 sede
502 1974 621 2046 causis
645 1974 856 2069 saepissime
880 1982 1083 2046 naseuntur
1103 1997 1196 2070 quse
1216 1997 1264 2048 ess

161 2091 324 2186 gignunt
341 2085 494 2186 physice
515 2090 668 2185 quedem
686 2081 920 2164 necessitate.
939 2090 995 2162 Ex
1011 2092 1264 2165 conditionibus

158 2210 197 2282 in
218 2203 346 2298 quibus
366 2210 533 2280 versetur
551 2208 708 2303 pupulus
732 2207 932 2279 eommunis
952 2205 1028 2279 vite
1048 2208 1102 2280 ite
1123 2209 1264 2282 efficitur

158 2332 201 2398 ut
242 2321 391 2397 formem
430 2322 620 2419 quemdem
658 2324 844 2397 definitum
880 2322 1087 2397 necessario
1126 2325 1261 2409 induet3

156 2438 262 2536 leges
277 2439 407 2534 lentem
422 2440 516 2513 hene
530 2441 680 2513 formem
696 2441 922 2535 exprimunt3
941 2459 987 2513 ex
1008 2437 1140 2514 iisdem
1161 2443 1263 2536 igitur

157 2552 395 2632 efficientibus
422 2558 542 2631 causis
575 2557 701 2630 eedem
729 2559 950 2630 necessitate
984 2567 1201 2651 sequuntur.
1232 2559 1261 2629 ti

154 2680 240 2748 uene
264 2657 332 2766 hoe
354 2668 532 2760 initieris,
557 2679 635 2745 tum
657 2673 907 2768 eeeipiendum
930 2673 980 2745 sit
998 2671 1193 2768 pleresque
1214 2695 1261 2748 res

153 2784 318 2887 politices
335 2797 372 2863 et
387 2788 600 2884 praesertim
622 2806 683 2860 eus
708 2793 800 2883 qnue¹
820 2790 966 2883 majonis
985 2792 1162 2863 momenti
1183 2791 1259 2878 sint,

152 2911 295 2983 omnino
321 2904 400 2982 sine
425 2908 547 2981 oensis
570 2924 664 2980 esse.
694 2906 825 2980 Nullus
840 2908 951 2980 ‘enlm
976 2924 1138 3000 unquam
1162 2907 1259 2980 home

151 3026 294 3100 exstitit
308 3019 386 3120 'qui
417 3041 464 3098 ex
496 3040 608 3122 pelve
638 3022 773 3096 Romae
805 3022 991 3096 neseentis
1029 3022 1258 3118 amplitudine

148 3139 265 3236 leges,
285 3162 376 3237 quse
399 3140 464 3214 teli
482 3140 614 3236 popule
635 3142 884 3226 convenirent,
903 3139 1111 3226 deduxerit3
1134 3158 1259 3236 seque·

146 3261 287 3333 litatem
308 3262 345 3334 et
360 3256 619 3359 frugalitatem,
641 3273 748 3352 quam
766 3244 848 3330 illue
866 3280 885 3331 e
903 3256 1111 3331 seeundum
1127 3257 1257 3353 preeu-

142 3369 403 3472 'piebant,·uen
425 3373 525 3470 ipsse
549 3379 778 3460 creauerunt,
800 3375 876 3462 sed,
906 3391 952 3446 ex
976 3367 1123 3469 seipse
1148 3382 1253 3462 entus,

144 3485 307 3566 eumdem
323 3498 465 3584 tentum
480 3474 750 3595 eenlilmaseie.
794 3475 797 3480 ’
876 3533 879 3540 -

186 3601 265 3681 Hoc
281 3621 368 3680 saue
382 3603 559 3681 sensisset
571 3592 801 3680 Seeundetus
815 3607 845 3679 si
857 3607 1108 3702 perspexisset
1116 3610 1254 3703 legens

140 3712 299 3798 menibus
315 3741 388 3797 nen
403 3729 532 3796 nature
543 3722 690 3809 distare,
703 3722 768 3796 sed
778 3729 904 3809 uentre
914 3723 957 3795 sb
970 3725 1015 3796 iis
1027 3726 1250 3821 emanunet).

168 3924 200 3989 (¹)
216 3925 284 3977 Sene
293 3921 546 3988 legislatoremjnbet
556 3920 645 3991 populi
656 3937 743 3973 meres
753 3926 779 3972 et
789 3921 928 3986 ingenium
936 3922 1010 3987 sequi
1020 3920 1101 3991 (xlii,
1112 3923 1168 3989 ne)
1178 3917 1252 3990 leges·

137 4019 188 4073 que
203 3991 362 4057 demonstret
378 4004 519 4069 quamdam
534 3995 588 4052 vim
603 3991 700 4054 habere
715 3996 748 4053 ad
764 4016 851 4054 meres
867 3997 1048 4054 informandos
1063 3996 1144 4067 (XIX,
1154 3998 1208 4068 nl).
1220 3996 1252 4054 ln

136 4086 224 4139 temen
240 4078 274 4138 it'a
290 4091 395 4150 separet
408 4091 436 4136 ut
452 4080 520 4150 quud
539 4077 640 4149 legibus
654 4078 805 4136 'institutum
816 4089 856 4136 est
872 4087 899 4136 et
915 4083 1016 4149 legibus
1033 4085 1138 4136 tuntum
1154 4083 1252 4140 metm

135 4177 211 4234 posse
221 4174 337 4230 censent,
349 4167 464 4223 menibus
475 4179 535 4216 vero
546 4166 617 4232 qued
627 4165 660 4228 ‚ud
671 4180 763 4230 *mense
774 4166 873 4237 vattinet
881 4165 961 4230 (xlx,
972 4165 1022 4230 le).
1034 4165 1141 4235 lude-fit
1153 4173 1184 4219 ut
1202 4181 1251 4219 nen

134 4249 211 4300 facile
221 4241 379 4298 intellexerit
389 4261 441 4312 quo
452 4244 628 4297 'ruodeemnie
644 4245 712 4297 haee
719 4244 789 4310 apud
799 4238 924 4311 quosdam
937 4240 1047 4310 pupulos
1058 4235 1171 4299 eenstl'su
1188 4248 1251 4299 sint.

133 4318 213 4392 (XIX,
225 4320 257 4378 16
268 4326 293 4377 et
304 4326 357 4391 squ
