2790 4950
417 1362 418 1365 ψ
525 1180 848 1318 coronusro

163 1627 205 1698 In
222 1649 289 1696 sua
304 1626 471 1720 politicae
495 1625 742 1719 philosophiae
759 1625 908 1696 historia
931 1626 972 1697 P.
995 1626 1118 1712 tanet,
1141 1634 1240 1721 post-

119 1764 228 1836 quam
260 1741 458 1813 Secundati
483 1740 683 1812 doctrinam
712 1741 894 1834 exposuit,
922 1743 1051 1813 merito
1077 1742 1241 1834 queritur

117 1860 214 1951 quod
250 1859 426 1951 plerique,
461 1857 521 1949 qui
557 1857 601 1928 de
639 1878 681 1928 eo
718 1856 957 1957 scripserunt,
994 1857 1060 1926 sibi
1097 1865 1243 1929 tantum

118 1996 338 2070 proposuere
367 1974 534 2065 singulos
563 1995 702 2044 errores
733 1994 823 2065 quos
849 1973 1034 2044 admiserit
1057 1975 1239 2067 persequi,

120 2091 291 2183 additque
310 2091 423 2160 multo
448 2089 578 2160 melius
605 2094 642 2160 et
666 2089 890 2181 aequabilius
911 2076 1075 2160 futurum
1101 2111 1182 2160 esse
1211 2089 1242 2158 si

120 2208 202 2300 quis
232 2213 401 2277 accurate
442 2206 668 2276 demonstret
711 2227 818 2296 quam
853 2205 970 2298 ampla
1007 2207 1051 2275 'et
1090 2205 1244 2276 obscura

119 2323 271 2394 materia
287 2327 388 2393 esset
404 2343 511 2413 quam
526 2326 651 2392 noster
668 2321 844 2413 suscepit,
857 2326 894 2392 et
907 2327 1042 2412 quanta
1053 2321 1090 2390 vi
1103 2322 1242 2412 ingenii

119 2461 164 2509 ea
178 2437 316 2530 potitus
337 2438 385 2507 sit
395 2439 446 2526 (¹).
472 2436 551 2507 Hoc
572 2442 630 2507 est
657 2435 752 2528 quod
781 2436 1017 2507 tentavimus
1045 2435 1243 2507 Secundati

113 2553 217 2626 ‘enim
234 2553 422 2645 opiniones
439 2551 482 2623 de
506 2552 663 2643 singulis
689 2551 961 2644 quaestionibus
984 2573 1074 2638 quae
1099 2552 1136 2620 in
1164 2551 1244 2644 ejus

118 2670 208 2740 libro
225 2669 425 2759 agitantur,
453 2667 729 2760 praeterivimus
754 2667 852 2738 etin
877 2688 919 2738 eo
941 2673 1086 2738 tantum
1112 2671 1244 2738 consti-

118 2787 231 2857 timus
249 2784 344 2876 quod
360 2784 554 2879 praecipua
571 2784 649 2876 ejus
669 2785 750 2854 laus
767 2805 848 2854 osse
865 2783 969 2854 nobis
991 2783 1147 2854 videtur.
1168 2782 1244 2853 Sci·

119 2901 208 2972 licet
223 2922 428 2992 quanquam
445 2899 638 2992 cujuslibet
655 2900 829 2970 scientiae
844 2899 1022 2990 originem
1039 2897 1083 2968 ab
1099 2897 1243 2969 hoct
1180 2903 1243 2969 aut

120 3018 181 3088 illo
205 3016 349 3088 homine
373 3036 562 3087 numerare
585 3036 728 3109 semper
748 3015 829 3085 falsi
846 3015 980 3106 aliquid
1001 3014 1123 3099 habet,
1140 3012 1244 3084 -fit

115 3132 217 3204 enim
248 3132 365 3202 omnis
396 3131 550 3202 scicntia
583 3152 601 3202 e
634 3131 816 3202 continuis
850 3131 1086 3202 incrementis
1123 3150 1242 3222 neque

119 3248 223 3319 facile
244 3247 314 3317 dici
334 3253 456 3339 potest
479 3267 548 3339 quo
564 3247 737 3339 temporis
754 3252 890 3338 puncto
908 3266 989 3316 esse
1011 3245 1245 3338 inceperit-

122 3372 261 3434 certum
278 3368 400 3433 tamen
415 3369 473 3433 est
486 3362 680 3456 praecipua
692 3361 861 3455 politicae
877 3360 1051 3433 scientiae
1068 3360 1245 3454 principia

120 3470 222 3569 apud
248 3475 497 3547 Secundatum
521 3477 676 3569 primum
700 3476 901 3547 constituta
924 3496 1006 3547 esse
1021 3476 1074 3566 (²).
1098 3475 1180 3545 Non
1202 3497 1246 3546 ea

124 3590 269 3683 quidem
307 3588 489 3683 expressis
526 3591 647 3662 verbis
686 3591 873 3683 professus
912 3597 988 3674 est;
1030 3611 1160 3682 nempe
1200 3589 1244 3660 dc

122 3706 296 3778 scientiae
314 3706 580 3778 conditionibus
610 3728 717 3799 quam
742 3707 959 3778 instauravit
986 3728 1061 3777 non
1091 3705 1244 3777 multum

154 3952 184 4016 (¹)
201 3946 321 4005 Histoire
332 3953 367 4002 de
378 3952 405 4001 lo
416 3951 529 4004 Seterrae
537 3949 683 4015 potitique,
696 3949 773 4000 tertia
784 3949 872 4011 editio,
885 3949 919 4010 ΙΙ,
930 3948 1045 4001 317-319.

154 4032 185 4097 θ)
202 4032 291 4084 Comte
302 4032 412 4098 quidem
428 4031 456 4082 in
471 4045 520 4082 suo
536 4031 621 4081 Caura
638 4031 671 4081 da
684 4030 854 4095 philosophie
867 4032 981 4096 positive
997 4031 1050 4094 (IV,
1063 4028 1177 4093 178185)
1190 4029 1247 4095 jem

123 4114 227 4180 agnovit
249 4120 378 4180 quantum
397 4113 562 4164 Secundatus
582 4113 615 4162 de
633 4110 740 4176 politica
762 4111 872 4162 scientia
889 4112 999 4162 meritus
1018 4112 1059 4163 sit.
1085 4111 1140 4162 Hoc
1159 4115 1248 4161 autem

117 4180 250 4258 iudicium
262 4194 445 4246 brevissimum
457 4198 505 4255 est,
517 4207 564 4254 pro
575 4198 649 4255 parte
660 4191 764 4254 falsum,
776 4196 806 4242 ut
818 4205 896 4255 supra
910 4190 963 4242 ridi
1046 4205 1076 4241 ac
1092 4189 1247 4254 praesertim

122 4290 177 4327 non
188 4290 221 4327 cx
229 4281 327 4328 attenta
338 4289 368 4325 ao
379 4274 499 4338 diligenti
511 4273 644 4325 doctrinae
657 4272 826 4323 meditatione
838 4272 914 4337 sequi
924 4260 972 4322 vid
987 4334 990 4339 Ι
1027 4286 1042 4325 a
