2790 4950
539 377 575 393 -
597 312 633 406 2'1
656 378 695 391 ..

58 477 182 549 aditur
214 479 383 563 scientia3
413 484 550 568 eontra,
579 499 653 548 non
682 478 752 548 nisi
775 479 888 548 multa
923 481 1098 552 tentando
1125 483 1177 551 iu·

57 595 219 664 venitur.
248 595 340 665 Vide
367 617 474 688 quam
493 601 660 666 recenter
683 595 888 665 animalium
913 597 1064 668 scientia
1082 599 1178 667 viam

57 711 236 802 repererit
251 710 348 781 vitae
366 712 472 802 leges
490 711 528 780 in
547 711 641 779 vivis
660 711 749 804 ipsis
775 710 1002 783 observandi.
1018 713 1176 806 Psycho·

56 827 161 918 logia
177 850 319 921 quoque
333 830 394 899 diu
408 829 542 902 erravit
557 828 768 920 priusquam
781 828 989 899 methodum
999 831 1178 924 propriam

59 943 130 1016 sibi
156 945 417 1037 composuerim
440 944 587 1037 politica
608 950 729 1014 autem
753 943 906 1014 scientia
926 945 964 1013 in
985 945 1178 1037 majoribus

58 1061 174 1134 etiam
199 1060 472 1132 difficultatibus
499 1060 704 1154 impeditur·
731 1059 809 1133 Res
838 1059 934 1132 enim
957 1066 1033 1132 tam
1057 1062 1177 1141 variae

59 1182 151 1248 sunt
173 1185 216 1248 ut
239 1178 335 1269 quod
358 1188 547 1263 commune
575 1176 712 1250 habent
739 1177 842 1268 quasi
865 1179 1026 1249 volatum
1048 1179 1177 1262 lateat;

58 1302 138 1366 tam
160 1293 312 1366 mobiles
335 1301 377 1364 ut
404 1294 671 1364 observatorem
695 1293 823 1385 fugere
846 1293 1049 1364 videantur.
1073 1294 1180 1365 Prae·

57 1417 175 1494 terea,
210 1431 342 1481 causae
373 1415 411 1480 et
439 1409 591 1480 effectus
622 1410 674 1480 ita
697 1408 792 1480 inter
816 1431 855 1480 se
881 1410 1109 1503 implicantur
1137 1417 1180 1480 ut

60 1527 281 1598 omnimodo
301 1516 565 1620 providendum
588 1526 697 1597 sitne
715 1526 805 1597 aliae
829 1546 911 1597 oum
933 1526 1011 1596 aliis
1033 1527 1178 1597 confun-

60 1652 208 1723 dantur.
226 1653 324 1722 Ante
346 1652 477 1735 omnia,
499 1652 599 1721 nulla
620 1652 866 1745 experimenta
883 1652 922 1722 in
945 1651 1179 1722 societatibus

59 1769 230 1844 humanis
247 1769 379 1840 tentari
392 1775 552 1863 possunt
569 1790 638 1858 nec
654 1768 759 1840 facile
776 1768 1009 1861 reperirecst
1026 1791 1095 1860 qua
1111 1769 1181 1838 alia

60 1885 201 1957 ratione
229 1906 293 1978 pro
327 1886 575 1979 experimento
599 1885 654 1955 uti
681 1885 877 1979 possimus.
902 1884 1015 1956 Vides
1045 1883 1181 1956 metho

61 2001 162 2086 dum,
179 2006 375 2093 antequam
391 2000 580 2072 scientiam
597 2000 897 2086 inchoaverimus‚
917 2020 989 2071 non
1006 1999 1179 2087 constitui

60 2109 196 2215 posse:
221 2138 240 2190 e
260 2117 413 2190 scientia
430 2116 555 2206 oritur,
576 2117 739 2209 quamvis
760 2117 876 2190 eidem
892 2117 1098 2188 necessaria
1117 2116 1176 2187 sit.

109 2347 335 2431 Quaeramus
359 2332 665 2445 nuuc-quatenus
691 2353 809 2423 varias
834 2352 920 2423 illas
939 2351 1176 2434 conditiones,

61 2465 159 2537 omni
191 2463 364 2537 scientiae
396 2469 633 2566 necessarias,
666 2469 703 2540 in
732 2490 798 2540 suo
828 2454 916 2559 libro
949 2467 1179 2558 Secundatus

61 2579 276 2676 expleverit.
327 2649 343 2687 Ι.
