2790 4950
618 79 777 141 ..49-

137 238 261 290 mores
282 212 484 287 immobiles
499 210 673 303 efficit(¹).
691 208 748 281 Ex
767 210 897 282 iisdem
916 209 1038 281 causis
1056 208 1261 282 commercii

138 339 272 405 natura
286 330 358 401 alia
373 334 431 403 est
446 328 485 399 in
500 325 648 399 Oriente
662 332 770 420 atque
785 326 825 396 in
837 324 984 421 Europa
998 326 1066 419 (²).‘

183 446 362 533 Quamvis
388 445 455 516 has
484 465 617 516 causas
643 464 717 514 non
742 445 819 538 pari
845 443 943 515 linea
970 449 1080 536 atque
1106 441 1261 536 priorem

137 564 306 658 posuerit
321 584 363 635 ac
386 562 595 656 praevalere
623 566 764 631 tantum
790 559 885 654 apud
905 560 1000 631 feras
1024 566 1157 652 gentes
1181 557 1260 655 ipse

138 682 339 775 agnoverit
350 676 403 771 (l),
419 677 611 751 fatendum
623 681 681 748 est
695 682 818 748 tamen
833 698 958 748 earum
981 676 1056 747 vim
1082 697 1261 771 nusquam

134 804 282 870 tantam
308 795 422 867 luisse
448 800 620 889 quantam
640 792 832 886 judicavit.
860 792 1068 865 Domestica
1097 792 1192 865 enim
1223 798 1262 865 et

132 910 292 1007 politica
309 910 522 1005 privataque
537 911 656 980 virtus
670 909 710 978 in
725 908 950 1001 regionibus,
970 930 1061 1001 quae
1083 908 1174 983 caeli
1193 912 1263 991 ter-

133 1048 280 1122 raeque
294 1011 424 1099 untura
437 1024 650 1118 longissime
665 1022 848 1110 differunt,
863 1046 977 1120 aeque
990 1026 1159 1099 occurrit.
1176 1024 1260 1119 Sed,

133 1140 320 1241 quidquid
339 1140 380 1237 id
404 1147 476 1229 est,
492 1141 562 1213 hoc
591 1143 712 1236 ipsum
739 1128 898 1213 ostendit
923 1150 1099 1236 quantum
1127 1142 1264 1215 Secun-

132 1260 253 1335 datus
285 1259 442 1332 senserit
473 1280 533 1331 res
571 1258 743 1352 politicas
774 1258 918 1351 legibus
955 1257 1064 1332 certis
1099 1250 1262 1333 subditas

134 1396 237 1451 ease.
264 1370 410 1447 Etenim
431 1376 552 1445 omnia
576 1372 679 1459 haec,
709 1375 741 1444 ai
767 1372 806 1444 in
830 1374 941 1447 breve
965 1381 1162 1469 coguntur,
1191 1376 1264 1448 huc

133 1491 326 1565 redeunt:
358 1510 407 1563 ex
440 1488 564 1585 populi
597 1489 787 1583 cujusdam
824 1491 1082 1584 magnitudine,
1117 1514 1164 1566 ex
1196 1492 1263 1565 soli

134 1608 258 1683 forma
284 1608 385 1701 quod·
414 1606 511 1679 idem
541 1611 708 1701 occupet,
737 1629 783 1677 ex
806 1612 923 1679 terrae
952 1609 1112 1698 caelique
1135 1614 1265 1681 natura

137 1723 276 1797 deduci
293 1743 401 1817 posse
420 1723 526 1816 cujus
541 1725 689 1816 generis
708 1722 755 1794 sit
769 1724 831 1797 ille
842 1725 997 1797 societas
1014 1733 1053 1799 et
1076 1748 1168 1819 quae
1191 1726 1265 1797 siut

137 1839 252 1937 hujus
269 1836 375 1933 leges
391 1844 429 1913 et
444 1839 626 1911 instituta.
1249 1922 1253 1931 ,

186 1954 394 2029 Sedunum
408 1961 552 2027 tautum
566 1956 750 2031 doctrinae
772 1965 925 2051 partem,
949 1982 1057 2054 quam
1082 1959 1265 2035 Secunda·

141 2082 208 2149 tus
222 2074 265 2145 in
281 2094 347 2147 suo
361 2072 451 2145 libro
468 2075 649 2169 exposuit,
669 2075 787 2148 adhuc
802 2076 1004 2149 retulimus.
1027 2078 1145 2150 Aliam
1166 2100 1264 2151 nunc

140 2191 335 2264 videamus
353 2210 446 2285 qnae
462 2190 571 2286 priori
591 2193 771 2264 contraria
791 2214 874 2265 esse
889 2193 1047 2265 videtur.
1064 2194 1164 2269 Haec
1181 2214 1267 2269 con·

140 2306 314 2381 tradictio
346 2306 459 2401 digna
488 2314 548 2380 est
578 2329 686 2402 quam
711 2310 858 2404 penitus
882 2310 1128 2404 inspiciamus.
1150 2310 1205 2383 le
1221 2334 1265 2385 oo

142 2425 242 2499 enim
271 2424 403 2496 melius
426 2424 655 2518 intelligetur
682 2446 757 2497 non
782 2426 888 2498 modo
917 2447 1008 2520 quae
1042 2428 1089 2499 sit
1119 2428 1266 2521 integra

142 2539 334 2637 scriptoris
349 2540 465 2612 nostri
481 2541 676 2625 sententia,
697 2541 763 2613 sed
784 2542 892 2614 etiam
908 2565 1000 2637 quae
1017 2543 1262 2632 difficultates,

143 2656 347 2731 Secundati
362 2658 508 2729 saeculo
523 2667 633 2751 atque
646 2658 755 2730 etiam
765 2666 891 2731 nostro
901 2666 1077 2754 tempore,
1096 2660 1264 2755 politicae

143 2774 323 2848 scientiae
339 2773 561 2846 institutioni
576 2773 795 2847 obstiterint.

693 3080 729 3152 Π
850 3102 864 3125 0

189 3295 432 3389 Quicumque,
444 3299 611 3389 utsupra
621 3294 793 3384 vidimus,
807 3294 846 3365 in
857 3292 1005 3388 politica
1015 3293 1093 3366 vita
1105 3292 1267 3367 ordinem

147 3419 292 3488 certum
318 3433 401 3485 esse
435 3410 632 3497 existimat,
660 3410 884 3504 legislatoris
912 3417 1035 3505 partes
1061 3410 1266 3485 necessario

146 3532 282 3606 elevat.
300 3529 394 3601 Nam
409 3528 531 3599 civilia
544 3526 727 3615 instituta,
748 3530 779 3599 ai
796 3550 816 3601 e
832 3548 952 3600 rerum
966 3534 1097 3600 natura
1114 3549 1269 3623 sequun-

145 3655 222 3734 tur,
238 3668 315 3719 non
329 3666 377 3719 ex
390 3643 500 3716 unius
520 3642 611 3717 civis
629 3652 694 3717 aut
707 3643 864 3739 plurium
882 3642 1071 3719 voluntate
1090 3642 1265 3738 pendent.

176 3845 211 3909 (¹)
225 3843 294 3907 xlv,
303 3842 329 3895 ⁴·

176 3924 210 3990 (¹)
225 3922 295 3987 XXI,
305 3922 330 3974 1.

140 4005 285 4147 (33¹3
301 4009 395 4056 nature
409 4007 435 4054 et
449 4002 474 4054 le
489 4000 582 4055 climat
598 4003 736 4054 dominent
754 4017 868 4069 presque
891 4002 961 4054 scula
981 4003 1044 4056 chez
1059 4001 1099 4055 lea
1111 4016 1267 4069 nuragm

1138 4196 1155 4252 l
