2790 4950
617 300 715 367 -cl
736 333 784 362 -.

128 458 230 530 quae
244 437 283 508 in
297 437 422 509 eodem
435 437 630 531 praecipua
643 441 701 507 est
714 440 752 507 et
765 455 872 527 quam
885 436 1259 523 ceteraesequunturt

128 553 257 625 Primo
275 559 396 625 autem
414 553 603 647 adspectu,
616 552 729 623 forma
742 548 1018 643 gubernationis
1032 547 1126 620 hanc
1138 548 1258 645 condi,

128 669 274 740 tionem
296 668 441 754 videtur
462 669 620 762 explere.
643 667 857 750 Nihil'euim
877 664 996 757 magis
1020 654 1256 758 conspicuum

131 790 194 855 est
218 783 258 854 in
282 783 426 878 publica
448 784 540 870 vita;
569 783 658 871 nihil
679 783 807 875 magis,
821 784 859 853 in
885 804 924 854 se
948 781 1107 867 omnium
1130 781 1258 866 oculos

131 906 273 988 movet.
302 899 401 989 Oum,
417 900 588 995 princeps
609 901 648 970 in
671 899 870 983 societatis,
892 898 1007 970 utita
1029 897 1158 988 dicam,
1180 897 1260 987 culf

133 1017 234 1093 mine
253 1023 385 1097 stet'at
401 1016 720 1112 corporispohtici
734 1021 845 1109 caput
864 1035 974 1108 saepe
994 1033 1116 1110 neque,
1134 1012 1258 1103 imme<

131 1133 204 1204 rito
219 1134 433 1229 appelletur,
447 1133 490 1204 ab
507 1153 550 1205 eo
567 1122 687 1204 omnia
699 1130 857 1226 pendere
868 1113 1135 1217 existimantur.
1147 1127 1259 1219 Adde

135 1251 247 1342 quod,
281 1271 377 1340 ,cum¹
400 1250 614 1344 philosophi·
639 1247 684 1319 ad
712 1247 781 1319 hoc
808 1253 962 1340 tempus,
978 1244 1067 1334 nihil
1087 1243 1191 1333 aliud
1209 1243 1257 1316 in

133 1367 296 1462 politicis
320 1366 428 1439 rebus
449 1367 671 1460 reperissent
693 1366 788 1458 quod
809 1386 873 1458 per
897 1384 1043 1455 genera,
1057 1367 1096 1452 et
1113 1361 1258 1455 species

133 1483 248 1554 dividi
272 1483 572 1578 possetuiffioile
594 1480 799 1554 Secundato
822 1486 911 1565 erat,
935 1478 1100 1572 quamvis
1118 1497 1254 1570 nouum

133 1599 272 1692 aliquid
291 1600 370 1694 ipse
391 1605 564 1687 tentaret,
584 1619 707 1672 eorum
724 1598 924 1669 doctrinam
945 1596 1089 1668 omnino
1101 1580 1257 1686 'enuere⁴

135 1715 191 1785 Ea
211 1735 324 1786 causa
343 1721 401 1787 est
417 1736 531 1807 ‘quara
550 1714 960 1802 formassocietatume
980 1708 1256 1803 gubernationis

134 1831 262 1902 formis
279 1830 482 1903 discernere
500 1831 714 1925 susceperit.
731 1830 825 1901 Saue
841 1829 956 1900 multa
966 1826 1135 1900 methodo
1147 1826 1255 1919 objici

134 1955 295 2042 possunt
312 1969 419 2041 quam
439 1954 589 2020 secutus
608 1953 677 2019 est.
697 1945 775 2020 Hoc
796 1946 892 2022 enim
913 1945 1061 2037 signum
1080 1943 1178 2034 nihils
1190 1964 1255 2036 per

135 2087 175 2137 se
204 2065 407 2159 proprii-*ao
428 2064 620 2159 peculiaris
642 2063 768 2152 habet,
786 2063 861 2144 sed,·
883 2068 926 2149 ut
943 2063 1018 2155 jam
1039 2061 1256 2147 monstravi

134 2204 232 2268 mus,
258 2183 389 2253 summi
411 2176 551 2276 imperii
572 2186 702 2268 natura
723 2179 854 2252 mutari
874 2184 997 2274 potest
1020 2177 1256 2265 damnatura

135 2299 324 2371 societatis
348 2299 539 2369 immutata
562 2303 699 2384 manet,
727 2303 791 2368 aut
815 2295 948 2383 contra⁴
968 2317 1040 2365 una
1067 2299 1108 2385 et
1127 2293 1257 2388 eadem

134 2437 219 2488 esse
244 2415 282 2485 in
308 2413 657 2507 societatibus-quae
680 2413 893 2505 longissime
916 2413 1011 2501 inter
1038 2432 1077 2483 se
1101 2410 1255 2482 distant.-

136 2529 212 2603 Sed
232 2551 332 2602 error
345 2529 465 2602 verbis
480 2531 603 2625 potius
620 2552 728 2623 quarn
739 2528 985 2618 rebusinest,
998 2549 1092 2599 nam
1110 2532 1257 2621 praeter.

136 2668 230 2740 quae
247 2647 293 2719 ad
312 2647 436 2742 populi
453 2647 618 2740 regimen
634 2647 830 2741 pertinent,
848 2646 961 2717 multa
978 2644 1047 2716 alia
1067 2649 1255 2733 enumerat

136 2764 269 2857 quibus
285 2764 481 2837 societates
497 2764 586 2835 alias
602 2763 645 2836 ab
662 2764 741 2835 aliis
757 2762 991 2834 discriminat.

180 2880 294 2951 Immo
320 2901 420 2964 vero,
447 2880 477 2951 si
498 2880 612 2968 verba
627 2879 758 2972 quibus
776 2879 892 2952 utitur
911 2877 1148 2970 negligimus,
1164 2876 1254 2969 nihil

137 2998 261 3069 forsan
285 2997 323 3067 in
343 3002 552 3090 totoopere
574 2996 773 3090 reperietur
791 2996 887 3089 quod
909 2995 1039 3083 varius,¹
1055 3000 1092 3083 et
1112 2993 1254 3064 acutius

138 3115 189 3184 sit
207 3135 313 3206 quam
330 3112 421 3185 haec
435 3111 564 3184 divisio
578 3114 682 3206 cujus
697 3112 873 3206 principia
886 3098 993 3183 etiam
1009 3132 1106 3182 nunc
1118 3111 1255 3201 servari

134 3234 305 3324 possunt.
324 3228 480 3314 Etenim,
506 3250 580 3300 non
602 3229 719 3300 solum
734 3235 810 3300 tres
828 3228 910 3300 illae
933 3228 1029 3299 vitae
1054 3222 1254 3323 communis

134 3346 272 3417 formae
300 3366 390 3438 quas
418 3344 610 3439 descripsit
634 3350 710 3417 tres
738 3344 940 3416 distinctas·
962 3344 1106 3438 species
1129 3364 1256 3415 revera

137 3454 383 3545 constituunt,
399 3460 463 3532 sed
480 3460 589 3533 etiam
601 3482 723 3532 earum
740 3460 952 3554 descriptio,
965 3460 1106 3553 qualem
1121 3460 1253 3554 inejus

135 3576 226 3648 libro
250 3575 469 3661 invenimus,
492 3578 697 3648 earumdem
722 3583 887 3682 naturam
906 3576 1255 3672 propriasquesdiffe·

136 3693 278 3765 rentias
293 3713 367 3764 non
385 3692 462 3765 siue
477 3693 631 3786 quadam
641 3693 796 3766 veritate
813 3691 991 3787 exprimit.
1003 3693 1101 3786 Sane
1117 3693 1155 3784 in
1168 3694 1271 3789 anti.

137 3809 220 3902 quis
242 3807 450 3880 civitatibus
467 3810 666 3902 aequalitas
688 3815 726 3882 et
743 3810 935 3902 frugalitas
951 3830 1024 3881 nou
1040 3811 1254 3908 tantaelue7

137 3931 225 3996 runt
250 3930 404 4017 quantas
428 3920 657 3997 Secundatus
677 3925 838 3999 credidit.
858 3928 1031 3997 Attamen
1052 3916 1196 3998 constat
1215 3926 1253 3998 iu

135 4041 193 4125 iis,
216 4041 430 4134 praesertim
453 4043 484 4111 si
507 4062 590 4114 cum
613 4041 795 4113 hodiernis
817 4043 960 4137 populis
985 4047 1250 4136 comparentur,

136 4155 299 4255 privatas
327 4177 387 4230 res
407 4157 715 4250 'angustissimum
739 4160 895 4255 spatium
923 4158 1092 4229 habuisse
1118 4178 1252 4250 quoae

138 4273 390 4373 extenderent,
419 4297 628 4354 communes
659 4283 784 4350 contra
817 4276 984 4368 amplum.
1017 4275 1108 4349 Mire
1137 4275 1254 4374 sensit
