2790 4950
542 315 701 377 ..29-

106 452 158 521 At
181 450 288 535 enim,
305 449 344 519 in
360 448 523 542 pluribus
540 448 659 540 operis
681 446 737 517 sui
757 447 861 532 locis,
892 447 936 518 de
966 447 1180 539 quibusdam

58 564 247 659 principiis
264 567 372 637 etiam
388 564 504 635 civilis
522 563 728 658 politicique
742 563 833 655 juris
846 563 898 633 ita
922 564 1021 657 loqui
1035 564 1181 636 videtur

60 683 166 774 quasi
182 704 247 776 per
265 702 304 754 se
321 688 549 774 stentneque
567 702 588 751 a
604 679 820 751 societatum
836 684 966 751 natura
983 681 1178 774 pendeant.¹

61 801 314 891 «Antequam,
339 785 468 892 inquit,
495 785 600 889 leges
626 794 817 868 institutae
841 802 978 881 esseut,
1005 798 1179 890 quaedam

60 913 256 1007 aequitatis
272 910 467 986 relationes
489 920 593 985 erant
608 913 812 1007 possibiles.
844 910 1072 986 contendere
1091 912 1181 984 nihil

55 1033 211 1126 justum,
233 1020 322 1102 nihil
344 1030 522 1124 injustum
548 1048 630 1101 asse
653 1035 797 1121 praeter
819 1027 857 1098 id
883 1029 979 1119 quod
1005 1029 1109 1120 leges
1136 1031 1179 1099 ab

59 1146 266 1220 hominibus
285 1148 476 1220 institutae
490 1146 621 1240 jubent
638 1151 700 1216 aut
721 1149 861 1229 vetant,
878 1143 973 1215 idem
987 1134 1052 1216 est
1070 1149 1179 1237 atque

59 1282 199 1358 negare
215 1253 430 1337 circulorum
442 1263 663 1334 radioainter
673 1279 711 1333 se
722 1260 976 1355 aequoafuisse
986 1267 1180 1356 antequam

58 1381 103 1453 ab
124 1381 245 1475 aliqua
260 1398 368 1452 manu
386 1379 558 1473 descripti
577 1379 650 1449 sint
667 1378 709 1471 (1)
728 1405 759 1449 .>›
894 1367 896 1370 ’

103 1497 183 1570 Hoc
193 1504 314 1570 autem
324 1499 368 1569 iis
380 1516 471 1591 quae
483 1516 593 1591 supra
602 1497 836 1590 exposuimus
847 1493 992 1570 minime
1003 1493 1181 1569 contradi·

58 1614 122 1687 cit.
137 1611 229 1687 Nam
241 1603 432 1710 propterea
443 1614 538 1708 quod
546 1615 608 1706 jus
622 1613 839 1690 societatum
851 1620 981 1687 natura
991 1614 1177 1700 fundatur,

58 1746 134 1806 non
158 1733 239 1806 ideo
263 1720 438 1804 asseritur
457 1719 592 1801 nullam
618 1719 889 1802 similitudinem
912 1731 1017 1804 inter·
1034 1731 1181 1826 populo·

57 1852 303 1943 rumlegeset
317 1869 435 1921 mores
448 1848 616 1920 asistere
636 1848 719 1931 Sed,
735 1848 1034 1941 quemadmodum
1053 1850 1179 1951 omnes

57 1969 119 2041 uel
138 1954 406 2040 diversissimae
423 1965 534 2037 civita
535 1971 591 2036 tes
611 1951 745 2072 aliquid
757 1983 945 2037 commune
964 1966 1157 2055 habentit
1128 1971 1180 2066 rte

58 2089 148 2155 sunt
175 2080 351 2176 quaedam
371 2083 476 2174 leges
497 2101 587 2174 quae
615 2080 771 2153 inomni
795 2082 952 2154 civitate
967 2089 1175 2156 occurrunt.

57 2199 133 2272 Eae
151 2205 238 2271 sunt
252 2219 343 2292 quas
355 2198 586 2270 Secundatus
603 2194 699 2270 socie
701 2199 768 2269 tati
701 2195 960 2272 thumanae
972 2198 1179 2272 summatim

57 2316 253 2388 convenire
274 2313 378 2401 dicit;
398 2335 490 2408 quae
509 2331 605 2400 cum,
623 2313 842 2408 ubicumque
864 2316 1020 2389 societas
1039 2314 1177 2401 existit,

57 2434 254 2507 obversant
238 2441 310 2520 t‚ur
348 2433 387 2503 in
416 2431 496 2527 ipsa
536 2431 673 2504 sociata
652 2432 722 2503 atis
761 2437 825 2504 not
826 2432 907 2505 ione
943 2431 1176 2527 implicantur

57 2570 173 2645 eaque
206 2549 368 2646 expediri
406 2555 573 2644 possunt.
615 2544 836 2642 Itaque,ut
877 2570 1000 2622 earum
1036 2551 1175 2622 veritas

56 2671 150 2742 bene
191 2667 414 2740 demonstt
343 2673 398 2740 tre
400 2674 469 2752 tur,
505 2687 579 2737 non
606 2666 775 2738 referta
749 2671 872 2738 utrum
897 2667 939 2737 ab
972 2665 1177 2739 homiuibus

57 2802 187 2858 revera
200 2785 391 2856 institutae
404 2783 478 2855 sint
494 2805 540 2853 an
554 2803 639 2869 non,
654 2789 777 2854 utrum
792 2783 987 2856 societates
1002 2781 1176 2870 existant,

57 2926 106 2974 an
124 2923 309 2995 nunquam
325 2900 476 2986 luerint;
498 2899 587 2970 satis
611 2905 669 2971 est
691 2896 723 2968 si
749 2897 853 2971 modo
878 2905 1051 2994 tanquam
1066 2899 1179 2995 possi-

56 3019 149 3091 biles
169 3019 419 3111 concipiantur
429 3018 482 3108 (²).
501 3015 577 3087 Has
591 3016 694 3107 leges
707 3017 745 3087 in
765 3017 834 3088 alio
849 3017 928 3089 loco
946 3019 1177 3090 Secundatus

58 3137 168 3228 iopam
182 3157 271 3231 pure
289 3142 326 3207 et
341 3134 511 3206 universe
527 3133 688 3227 appellat
702 3152 853 3226 eamque
875 3130 965 3204 nihil
981 3132 1077 3204 aliud
1094 3152 1176 3207 esse

57 3252 149 3325 dicit
165 3275 271 3346 quam
286 3253 459 3323 rationem
482 3251 686 3335 humanam,
715 3257 894 3343 quatenus
919 3250 1033 3323 totius
1058 3258 1176 3324 terrae

56 3371 213 3464 populos
225 3377 332 3461 regat
339 3367 379 3459 (³)
390 3391 398 3454 ;
409 3388 539 3461 nempe
553 3389 572 3439 a
587 3367 771 3438 societatis
785 3367 1005 3456 definitione,
1021 3368 1053 3439 si
1065 3369 1177 3440 semel

57 3509 140 3559 eam
156 3486 429 3571 obtinuerimus,
449 3486 575 3557 selavi
597 3485 747 3556 rationis
764 3484 893 3556 deduci
910 3492 1076 3578 possunt.
1104 3485 1176 3556 Eas

57 3609 233 3687 cetarum,
253 3603 337 3696 quia
353 3601 448 3696 apud
467 3622 591 3674 omnes
608 3608 740 3693 gentes
759 3610 953 3674 occurrunt
965 3610 1003 3674 et
1022 3602 1177 3695 quodam

57 3741 172 3792 sensu
190 3727 274 3791 ante
291 3719 507 3791 societatum
522 3718 788 3791 institutionem
809 3739 891 3790 csse
910 3719 1175 3813 concipiuntur,

56 3861 80 3908 a
98 3843 250 3910 naturae
267 3836 413 3930 legibus
430 3857 502 3908 non
522 3836 693 3908 distincte
710 3836 862 3908 forsitan
876 3839 1070 3932 separavit.

88 4008 119 4073 (ι)
135 4008 193 4072 ι,ι.

87 4090 120 4153 (²)
138 4091 182 4140 all
193 4091 248 4141 faut
258 4091 327 4142 done
337 4103 433 4140 avouer
443 4089 489 4140 des
500 4094 618 4154 rapports
629 4089 741 4154 al'tquite
753 4092 897 4142 ariterieurs
908 4091 923 4142 ι
935 4092 959 4142 la
970 4092 1006 4143 loi
1014 4093 1122 4157 positive
1132 4094 1177 4158 qui

55 4174 96 4223 les
117 4172 225 4224 atablit:
248 4187 360 4234 comme,
383 4186 430 4235 par
450 4172 576 4235 exempla,
596 4186 656 4236 que,
675 4174 788 4238 suppose
806 4174 873 4236 qu'll
891 4188 908 4236 y
927 4173 973 4225 etit
995 4175 1042 4226 des
1066 4177 1176 4228 socte'te's

55 4253 219 4317 d’tomnrea,
231 4253 250 4304 il
262 4251 340 4305 serait
348 4251 417 4316 juste
428 4253 461 4303 de
472 4267 499 4304 se
511 4253 658 4303 conformer
670 4252 684 4301 ιι
695 4253 764 4304 leurs
775 4253 855 4303 lois.»
869 4254 970 4320 (Ibid.)

87 4331 119 4396 (¹)
136 4331 157 4398 1,
169 4332 193 4385 3.
