2790 4950
653 252 821 346 46⁰-

183 418 256 490 tiae
272 413 555 504 accommodare,
578 415 660 508 quia
673 415 919 509 experimenta
930 415 967 487 ιι
980 417 1216 487 societatibus
1229 423 1369 488 ten—

182 535 252 607 tari
279 538 479 625 nequeunt.
497 531 566 602 Est
589 537 713 603 tamen
736 531 879 624 obliqua
912 534 971 602 via
1002 555 1071 625 qua
1104 532 1370 606 difficultaffi

183 655 437 745 exsuperatur.
456 649 599 720 Etenim
616 649 660 719 ad
674 655 823 719 naturae
839 650 943 740 leges
956 650 1188 742 reperiendae
1208 649 1375 723 nihi-

181 767 279 839 aliud
297 766 542 837 necessarium
557 771 616 847 est
632 787 740 860 quom
755 767 844 843 satis
860 767 993 841 multas
1011 769 1377 860 comparationeffi

179 885 273 958 inter
288 883 407 953 varias
426 882 588 975 ejusdem
602 903 653 953 rer
644 868 827 953 '’lormas
817 882 959 954 institui
972 904 1092 976 posse
1109 882 1190 956 Hac
1204 886 1378 957 enin-

181 1005 257 1073 arte
298 1004 508 1102 constantes
544 999 669 1098 immot
671 1019 830 1113 aeque
828 999 1083 1104 connexiones,
1104 1022 1212 1101 quas
1244 1003 1378 1074 lex:

181 1096 369 1209 exprimit,
379 1120 475 1186 acet
476 1113 559 1204 eris,
588 1112 706 1185 idtest
727 1113 894 1205 fugitivis
916 1113 1160 1208 fortuitisque,
1181 1138 1377 1190 secer—

178 1237 322 1302 nentur.
341 1230 522 1322 Itaqueto
524 1229 825 1321 taexperimenta
825 1229 934 1300 tionis
950 1231 1006 1299 vis
1026 1232 1064 1301 in
1086 1251 1129 1302 eo
1155 1238 1365 1305 tantum-

179 1347 348 1419 consistit
363 1352 405 1417 ut
420 1367 478 1417 res
494 1345 567 1416 fere
593 1345 638 1414 ad
664 1344 806 1416 libitum
821 1346 938 1417 variet
950 1352 1058 1439 atque
1074 1347 1126 1418 ita
1143 1350 1375 1440 amplam.-

179 1463 397 1555 uberemque
414 1461 671 1553 comparationi
687 1461 871 1532 materiam
887 1462 1070 1553 praebeat.
1082 1464 1133 1535 At
1150 1465 1203 1534 nil
1221 1464 1375 1535 obs—

178 1585 233 1652 tat
265 1579 351 1671 quin
382 1578 500 1649 civilia
534 1576 696 1670 ejusdem
730 1577 875 1668 generis
912 1579 1020 1664 facta,
1054 1579 1175 1674 qualia
1202 1584 1358 1672 apud-

69 1720 73 1727 ·
180 1698 298 1771 varlas
327 1693 519 1772 societates
543 1693 753 1779 occurrunt,
783 1695 1031 1787 comparemus
1059 1696 1169 1789 atq'ue
1196 1706 1375 1773 note-—

179 1810 259 1885 mus
276 1833 367 1909 quae
385 1833 509 1884 eorum
524 1810 660 1906 ubique
674 1816 816 1897 coeant,
828 1813 922 1905 quae
937 1811 1043 1883 simul
1058 1815 1296 1900 evanescant,

181 1949 272 2021 quae
286 1925 413 1999 eodem
426 1925 585 2020 tempore
599 1931 636 1998 et
648 1923 848 1997 secundum
861 1926 1025 1999 eamdem
1036 1927 1214 2002 rationem
1226 1953 1356 2003 mu·==-

181 2037 409 2117 tentur.'Eae
425 2043 540 2134 igitur
552 2042 848 2138 comparationes,
866 2043 1149 2136 quanquamhoc
1165 2048 1308 2119 incom-

180 2157 292 2233 modi
301 2158 435 2231 habent
457 2166 500 2231 ut
523 2180 598 2231 non
624 2160 662 2233 iu
688 2157 870 2231 infinitum
895 2166 1125 2248 renoventur,
1156 2165 1296 2257 experi-

176 2273 425 2349 mactationis
441 2274 562 2351 tamen
589 2275 746 2370 partes
735 2297 773 2346 ιι
794 2273 952 2417 'politico
976 2278 1134 2417 scientia
1168 2284 1294 2355 tenere

178 2397 390 2486 possunt·
448 2412 452 2422 ·

189 2509 434 2603 Quanquam
460 2507 689 2583 Secundntus
708 2508 805 2581 hanc
833 2508 1082 2602 quaestionem
1109 2532 1295 2605 nusquam

177 2627 346 2720 agitavit,
381 2632 502 2699 temen
534 2626 644 2718 hujus
677 2624 837 2698 methodi
868 2627 1126 2699 necessitatem
1162 2636 1293 2724 sponte

180 2744 306 2816 sensit.
324 2742 470 2815 Etenim
487 2742 585 2815 nullo
607 2741 676 2813 olio
699 2742 883 2836 proposito
909 2747 965 2816 tot
986 2744 1083 2817 lecta·
1108 2764 1156 2819 cx
1180 2746 1296 2817 varia·

175 2883 256 2933 rum
273 2860 441 2952 gentium
462 2858 614 2931 historia
630 2858 780 2951 collegit
804 2859 875 2929 nisi
901 2865 945 2931 ut
971 2880 1011 2931 ea
1039 2859 1133 2932 inter
1159 2882 1199 2933 se
1215 2882 1297 2935 con·

174 2978 284 3049 ferret
314 2975 446 3070 illoque
486 2970 691 3046 collatione
714 2974 931 3047 eorumdem·
958 2975 1061 3067 leges
1097 2975 1292 3051 inveniret.

176 3092 317 3166 Revera
332 3086 562 3166 menifestum
579 3097 637 3165 est
654 3110 746 3185 opus
760 3096 878 3163 totum
900 3091 938 3164 in
952 3090 1083 3183 legum
1106 3092 1294 3188 comparo·

175 3210 274 3284 tione
307 3209 506 3281 consistere
540 3226 630 3301 quas
668 3203 903 3281 diversissimi
942 3208 1065 3306 populi
1097 3210 1294 3285 observant

175 3348 290 3421 eoque
304 3322 392 3402 libro
409 3332 626 3399 nostervere
645 3320 723 3396 dici
727 3323 929 3417 potesthoc
942 3344 1077 3400 novum
1091 3327 1293 3401 studiorum

175 3456 294 3537 genus
314 3444 538 3524 instaurasse
567 3441 662 3536 quod
680 3441 861 3513 hodierna
893 3448 978 3515 nost
979 3465 1018 3515 ra
1041 3444 1170 3586 lingua
1194 3448 1293 3519 droit

175 3561 334 3653 compare
361 3556 607 3655 appellamus.
817 3568 820 3577 '
879 3570 880 3574 ’
1206 3584 1209 3589 ⁴

217 3677 290 3761 ιιι,Ι
287 3698 330 3746 s1
320 3674 515 3747 deductio
532 3675 627 3769 apud
644 3674 888 3748 Seoundatum
902 3670 1146 3771 experientiae
1163 3679 1289 3768 cessit,

174 3789 287 3863 multo
316 3792 433 3906 majus
466 3792 623 3886 spatium
652 3785 780 3925 adhuc
802 3791 955 3865 obtinet
972 3793 1078 3887 qua'm
1114 3794 1289 3871 scientiae

174 3929 220 3978 na
221 3913 304 3980 tura
319 3908 485 4001 patitur
890 3924 892 3929 ’
1126 3934 1128 3939 ·

201 4016 301 4119 Ipse
326 4024 432 4110 enim,
451 4018 527 4119 jam
553 4025 591 4097 in
616 4048 681 4096 sue
706 4024 857 4117 praefat
842 4038 938 4110 rone,
960 4019 1147 4117 legentem
1166 4031 1292 4101 monet

176 4163 214 4214 se
229 4141 419 4213 Politicam
433 4163 531 4214 more
548 4142 650 4236 quasi
665 4141 920 4221 mathematico
936 4136 1092 4214 tractare
1107 4138 1286 4232 voluissess

174 4256 285 4329 idest
299 4257 476 4351 principio
491 4249 659 4351 posuisse
672 4257 767 4329 unde
784 4248 1020 4350 particulares
1035 4257 1161 4350 legum
1179 4256 1288 4333 socie·
