<?xml version="1.0" encoding="UTF-8"?>
<!DOCTYPE html PUBLIC "-//W3C//DTD XHTML 1.0 Transitional//EN"
    "http://www.w3.org/TR/xhtml1/DTD/xhtml1-transitional.dtd">
<html xmlns="http://www.w3.org/1999/xhtml" xml:lang="en" lang="en">
 <head>
  <title>
</title>
<meta http-equiv="Content-Type" content="text/html;charset=utf-8" />
  <meta name='ocr-system' content='tesseract 3.04.00' />
  <meta name='ocr-capabilities' content='ocr_page ocr_carea ocr_par ocr_line ocrx_word'/>
</head>
<body>
  <div class='ocr_page' id='page_1' title='image "./quidsecundatusp01durkgoog_0065.png"; bbox 0 0 2790 4950; ppageno 0'>
   <div class='ocr_carea' id='block_1_1' title="bbox 503 718 1082 868">
    <p class='ocr_par' dir='ltr' id='par_1_1' title="bbox 503 718 1082 868">
     <span class='ocr_line' id='line_1_1' title="bbox 503 718 1082 868; baseline 0.002 -23"><span class='ocrx_word' id='word_1_1' title='bbox 503 718 653 845; x_wconf 78' lang='lat' dir='ltr'>error</span> <span class='ocrx_word' id='word_1_2' title='bbox 677 723 889 855; x_wconf 75' lang='lat' dir='ltr'>colurus</span> <span class='ocrx_word' id='word_1_3' title='bbox 916 835 940 868; x_wconf 17' lang='lat'>,¹</span> <span class='ocrx_word' id='word_1_4' title='bbox 1077 838 1082 846; x_wconf 85' lang='lat'>.</span> 
     </span>
    </p>
   </div>
   <div class='ocr_carea' id='block_1_2' title="bbox 255 1004 1257 1095">
    <p class='ocr_par' dir='ltr' id='par_1_2' title="bbox 255 1004 1257 1095">
     <span class='ocr_line' id='line_1_2' title="bbox 255 1004 1257 1095; baseline 0 -8"><span class='ocrx_word' id='word_1_5' title='bbox 255 1032 303 1087; x_wconf 76' lang='lat' dir='ltr'>nr:</span> <span class='ocrx_word' id='word_1_6' title='bbox 326 1004 496 1087; x_wconf 69' lang='lat' dir='ltr'>macno</span> <span class='ocrx_word' id='word_1_7' title='bbox 520 1035 619 1095; x_wconf 74' lang='lat' dir='ltr'>orsu</span> <span class='ocrx_word' id='word_1_8' title='bbox 642 1035 869 1088; x_wconf 78' lang='lat' dir='ltr'>susurrares</span> <span class='ocrx_word' id='word_1_9' title='bbox 891 1037 1043 1095; x_wconf 80' lang='lat' dir='ltr'>securus</span> <span class='ocrx_word' id='word_1_10' title='bbox 1067 1008 1138 1090; x_wconf 66' lang='lat' dir='ltr'>nsr&#39;</span> <span class='ocrx_word' id='word_1_11' title='bbox 1254 1010 1257 1017; x_wconf 86' lang='grc'>’</span> 
     </span>
    </p>
   </div>
   <div class='ocr_carea' id='block_1_3' title="bbox 604 1323 967 1463">
    <p class='ocr_par' dir='ltr' id='par_1_3' title="bbox 604 1323 967 1463">
     <span class='ocr_line' id='line_1_3' title="bbox 604 1323 967 1463; baseline 0 -112"><span class='ocrx_word' id='word_1_12' title='bbox 604 1323 967 1463; x_wconf 13' lang='grc' dir='ltr'>..ΙΙ-</span> 
     </span>
    </p>
   </div>
   <div class='ocr_carea' id='block_1_4' title="bbox 132 1637 1259 4179">
    <p class='ocr_par' dir='ltr' id='par_1_4' title="bbox 132 1637 1259 4179">
     <span class='ocr_line' id='line_1_4' title="bbox 177 1637 1251 1736; baseline 0.006 -27"><span class='ocrx_word' id='word_1_13' title='bbox 177 1637 361 1723; x_wconf 85' lang='lat' dir='ltr'>Quamdiu</span> <span class='ocrx_word' id='word_1_14' title='bbox 385 1637 537 1711; x_wconf 85' lang='lat' dir='ltr'>Politice</span> <span class='ocrx_word' id='word_1_15' title='bbox 562 1639 600 1710; x_wconf 89' lang='lat' dir='ltr'>in</span> <span class='ocrx_word' id='word_1_16' title='bbox 627 1645 705 1712; x_wconf 87' lang='lat' dir='ltr'>arte</span> <span class='ocrx_word' id='word_1_17' title='bbox 729 1640 964 1725; x_wconf 78' lang='lat' dir='ltr'>consistebat,</span> <span class='ocrx_word' id='word_1_18' title='bbox 982 1641 1118 1733; x_wconf 82' lang='lat' dir='ltr'>politici</span> <span class='ocrx_word' id='word_1_19' title='bbox 1142 1642 1251 1736; x_wconf 87' lang='lat' dir='ltr'>scrip·</span> 
     </span>
     <span class='ocr_line' id='line_1_5' title="bbox 141 1754 1249 1849; baseline 0.005 -24"><span class='ocrx_word' id='word_1_20' title='bbox 141 1760 230 1826; x_wconf 83' lang='lat' dir='ltr'>tores</span> <span class='ocrx_word' id='word_1_21' title='bbox 251 1754 478 1826; x_wconf 83' lang='lat' dir='ltr'>deductione</span> <span class='ocrx_word' id='word_1_22' title='bbox 494 1756 687 1849; x_wconf 77' lang='lat' dir='ltr'>praecipue</span> <span class='ocrx_word' id='word_1_23' title='bbox 709 1756 913 1829; x_wconf 88' lang='lat' dir='ltr'>utebantur.</span> <span class='ocrx_word' id='word_1_24' title='bbox 935 1756 1081 1828; x_wconf 85' lang='lat' dir='ltr'>Scilicet</span> <span class='ocrx_word' id='word_1_25' title='bbox 1105 1779 1151 1829; x_wconf 87' lang='lat' dir='ltr'>ex</span> <span class='ocrx_word' id='word_1_26' title='bbox 1171 1758 1249 1830; x_wconf 92' lang='lat' dir='ltr'>uni·</span> 
     </span>
     <span class='ocr_line' id='line_1_6' title="bbox 139 1869 1249 1963; baseline 0.002 -20"><span class='ocrx_word' id='word_1_27' title='bbox 139 1871 266 1943; x_wconf 78' lang='lat' dir='ltr'>vernali</span> <span class='ocrx_word' id='word_1_28' title='bbox 285 1869 441 1941; x_wconf 85' lang='lat' dir='ltr'>hominis</span> <span class='ocrx_word' id='word_1_29' title='bbox 455 1869 602 1942; x_wconf 89' lang='lat' dir='ltr'>notione</span> <span class='ocrx_word' id='word_1_30' title='bbox 621 1870 813 1945; x_wconf 74' lang='lat' dir='ltr'>trahebant</span> <span class='ocrx_word' id='word_1_31' title='bbox 829 1892 920 1963; x_wconf 87' lang='lat' dir='ltr'>quas</span> <span class='ocrx_word' id='word_1_32' title='bbox 938 1872 1123 1944; x_wconf 88' lang='lat' dir='ltr'>societatis</span> <span class='ocrx_word' id='word_1_33' title='bbox 1137 1873 1249 1945; x_wconf 89' lang='lat' dir='ltr'>forma</span> 
     </span>
     <span class='ocr_line' id='line_1_7' title="bbox 138 1988 1250 2081; baseline 0.004 -24"><span class='ocrx_word' id='word_1_34' title='bbox 138 1989 314 2058; x_wconf 81' lang='lat' dir='ltr'>humanae</span> <span class='ocrx_word' id='word_1_35' title='bbox 330 1990 480 2059; x_wconf 80' lang='lat' dir='ltr'>daturae</span> <span class='ocrx_word' id='word_1_36' title='bbox 496 1988 708 2060; x_wconf 88' lang='lat' dir='ltr'>conveniret</span> <span class='ocrx_word' id='word_1_37' title='bbox 723 1994 761 2059; x_wconf 90' lang='lat' dir='ltr'>et</span> <span class='ocrx_word' id='word_1_38' title='bbox 780 2009 871 2080; x_wconf 88' lang='lat' dir='ltr'>quae</span> <span class='ocrx_word' id='word_1_39' title='bbox 892 1995 1086 2081; x_wconf 84' lang='lat' dir='ltr'>praecepta</span> <span class='ocrx_word' id='word_1_40' title='bbox 1100 1989 1138 2062; x_wconf 89' lang='lat' dir='ltr'>in</span> <span class='ocrx_word' id='word_1_41' title='bbox 1155 2008 1250 2062; x_wconf 91' lang='lat' dir='ltr'>com-</span> 
     </span>
     <span class='ocr_line' id='line_1_8' title="bbox 136 2102 1252 2202; baseline 0.002 -27"><span class='ocrx_word' id='word_1_42' title='bbox 136 2103 232 2175; x_wconf 87' lang='lat' dir='ltr'>muni</span> <span class='ocrx_word' id='word_1_43' title='bbox 246 2103 327 2174; x_wconf 82' lang='lat' dir='ltr'>vita</span> <span class='ocrx_word' id='word_1_44' title='bbox 347 2102 572 2174; x_wconf 81' lang='lat' dir='ltr'>observanda</span> <span class='ocrx_word' id='word_1_45' title='bbox 588 2109 724 2202; x_wconf 77' lang='lat' dir='ltr'>essent.</span> <span class='ocrx_word' id='word_1_46' title='bbox 739 2102 859 2197; x_wconf 89' lang='lat' dir='ltr'>Hujus</span> <span class='ocrx_word' id='word_1_47' title='bbox 884 2105 1043 2177; x_wconf 84' lang='lat' dir='ltr'>methodi</span> <span class='ocrx_word' id='word_1_48' title='bbox 1064 2105 1153 2177; x_wconf 83' lang='lat' dir='ltr'>vitia</span> <span class='ocrx_word' id='word_1_49' title='bbox 1171 2106 1252 2177; x_wconf 68' lang='lat' dir='ltr'>inu«</span> 
     </span>
     <span class='ocr_line' id='line_1_9' title="bbox 135 2201 1246 2316; baseline 0.004 -25"><span class='ocrx_word' id='word_1_50' title='bbox 135 2219 194 2291; x_wconf 87' lang='lat' dir='ltr'>tile</span> <span class='ocrx_word' id='word_1_51' title='bbox 212 2225 274 2292; x_wconf 86' lang='lat' dir='ltr'>est</span> <span class='ocrx_word' id='word_1_52' title='bbox 288 2201 511 2316; x_wconf 79' lang='lat' dir='ltr'>enumerare.</span> <span class='ocrx_word' id='word_1_53' title='bbox 529 2217 600 2291; x_wconf 91' lang='lat' dir='ltr'>Per</span> <span class='ocrx_word' id='word_1_54' title='bbox 616 2218 868 2309; x_wconf 85' lang='lat' dir='ltr'>deductionem</span> <span class='ocrx_word' id='word_1_55' title='bbox 885 2220 993 2305; x_wconf 90' lang='lat' dir='ltr'>anim,</span> <span class='ocrx_word' id='word_1_56' title='bbox 1008 2222 1047 2292; x_wconf 92' lang='lat' dir='ltr'>in</span> <span class='ocrx_word' id='word_1_57' title='bbox 1062 2221 1142 2315; x_wconf 88' lang='lat' dir='ltr'>ipsa</span> <span class='ocrx_word' id='word_1_58' title='bbox 1157 2229 1246 2309; x_wconf 85' lang='lat' dir='ltr'>arte,</span> 
     </span>
     <span class='ocr_line' id='line_1_10' title="bbox 134 2335 1254 2437; baseline 0.004 -30"><span class='ocrx_word' id='word_1_59' title='bbox 134 2336 222 2408; x_wconf 91' lang='lat' dir='ltr'>nihil</span> <span class='ocrx_word' id='word_1_60' title='bbox 243 2335 342 2407; x_wconf 87' lang='lat' dir='ltr'>aliud</span> <span class='ocrx_word' id='word_1_61' title='bbox 365 2336 511 2428; x_wconf 84' lang='lat' dir='ltr'>assequi</span> <span class='ocrx_word' id='word_1_62' title='bbox 532 2356 726 2427; x_wconf 89' lang='lat' dir='ltr'>possumus</span> <span class='ocrx_word' id='word_1_63' title='bbox 749 2357 854 2429; x_wconf 88' lang='lat' dir='ltr'>quam</span> <span class='ocrx_word' id='word_1_64' title='bbox 874 2359 991 2408; x_wconf 88' lang='lat' dir='ltr'>meras</span> <span class='ocrx_word' id='word_1_65' title='bbox 1010 2336 1254 2437; x_wconf 81' lang='lat' dir='ltr'>hypotheses.¹</span> 
     </span>
     <span class='ocr_line' id='line_1_11' title="bbox 135 2452 1249 2548; baseline 0.002 -22"><span class='ocrx_word' id='word_1_66' title='bbox 135 2455 220 2525; x_wconf 87' lang='lat' dir='ltr'>Sola</span> <span class='ocrx_word' id='word_1_67' title='bbox 242 2452 282 2522; x_wconf 82' lang='lat' dir='ltr'>vi</span> <span class='ocrx_word' id='word_1_68' title='bbox 297 2452 450 2523; x_wconf 87' lang='lat' dir='ltr'>rationis</span> <span class='ocrx_word' id='word_1_69' title='bbox 465 2457 585 2546; x_wconf 79' lang='lat' dir='ltr'>&#39;nemo</span> <span class='ocrx_word' id='word_1_70' title='bbox 599 2473 760 2524; x_wconf 77' lang='lat' dir='ltr'>asserere</span> <span class='ocrx_word' id='word_1_71' title='bbox 783 2458 906 2546; x_wconf 88' lang='lat' dir='ltr'>potest</span> <span class='ocrx_word' id='word_1_72' title='bbox 928 2461 1162 2548; x_wconf 83' lang='lat' dir='ltr'>praecaptum</span> <span class='ocrx_word' id='word_1_73' title='bbox 1187 2456 1249 2528; x_wconf 90' lang='lat' dir='ltr'>ali·</span> 
     </span>
     <span class='ocr_line' id='line_1_12' title="bbox 134 2558 1248 2663; baseline 0.004 -22"><span class='ocrx_word' id='word_1_74' title='bbox 134 2569 230 2663; x_wconf 85' lang='lat' dir='ltr'>qnod</span> <span class='ocrx_word' id='word_1_75' title='bbox 245 2568 335 2661; x_wconf 81' lang='lat' dir='ltr'>utile</span> <span class='ocrx_word' id='word_1_76' title='bbox 351 2575 432 2642; x_wconf 78' lang='lat' dir='ltr'>esse</span> <span class='ocrx_word' id='word_1_77' title='bbox 449 2569 554 2661; x_wconf 89' lang='lat' dir='ltr'>cujus</span> <span class='ocrx_word' id='word_1_78' title='bbox 568 2558 764 2639; x_wconf 85' lang='lat' dir='ltr'>utilitatem</span> <span class='ocrx_word' id='word_1_79' title='bbox 780 2589 852 2639; x_wconf 92' lang='lat' dir='ltr'>non</span> <span class='ocrx_word' id='word_1_80' title='bbox 866 2571 1111 2663; x_wconf 73' lang='lat' dir='ltr'>expertussit.</span> <span class='ocrx_word' id='word_1_81' title='bbox 1123 2572 1195 2644; x_wconf 88' lang='lat' dir='ltr'>Sed</span> <span class='ocrx_word' id='word_1_82' title='bbox 1211 2575 1248 2646; x_wconf 93' lang='lat' dir='ltr'>ni</span> 
     </span>
     <span class='ocr_line' id='line_1_13' title="bbox 135 2684 1248 2784; baseline 0.003 -27"><span class='ocrx_word' id='word_1_83' title='bbox 135 2685 293 2757; x_wconf 87' lang='lat' dir='ltr'>seientia</span> <span class='ocrx_word' id='word_1_84' title='bbox 316 2684 541 2777; x_wconf 82' lang='lat' dir='ltr'>praesertim,</span> <span class='ocrx_word' id='word_1_85' title='bbox 574 2691 656 2756; x_wconf 89' lang='lat' dir='ltr'>c&#39;um</span> <span class='ocrx_word' id='word_1_86' title='bbox 683 2684 725 2755; x_wconf 92' lang='lat' dir='ltr'>ab</span> <span class='ocrx_word' id='word_1_87' title='bbox 755 2689 831 2756; x_wconf 86' lang='lat' dir='ltr'>arte</span> <span class='ocrx_word' id='word_1_88' title='bbox 865 2692 1073 2780; x_wconf 77' lang='lat' dir='ltr'>separatur,</span> <span class='ocrx_word' id='word_1_89' title='bbox 1097 2698 1248 2784; x_wconf 84' lang='lat' dir='ltr'>necesse</span> 
     </span>
     <span class='ocr_line' id='line_1_14' title="bbox 133 2799 1255 2897; baseline 0.004 -24"><span class='ocrx_word' id='word_1_90' title='bbox 133 2808 192 2874; x_wconf 88' lang='lat' dir='ltr'>est</span> <span class='ocrx_word' id='word_1_91' title='bbox 229 2799 399 2873; x_wconf 86' lang='lat' dir='ltr'>deductio</span> <span class='ocrx_word' id='word_1_92' title='bbox 432 2799 613 2872; x_wconf 82' lang='lat' dir='ltr'>secundas</span> <span class='ocrx_word' id='word_1_93' title='bbox 643 2801 891 2872; x_wconf 86' lang='lat' dir='ltr'>tantummodo</span> <span class='ocrx_word' id='word_1_94' title='bbox 905 2809 909 2825; x_wconf 65' lang='lat'><strong>⁴</strong></span> <span class='ocrx_word' id='word_1_95' title='bbox 924 2808 1047 2894; x_wconf 86' lang='lat' dir='ltr'>partes</span> <span class='ocrx_word' id='word_1_96' title='bbox 1080 2811 1255 2897; x_wconf 80' lang='lat' dir='ltr'>occupet,</span> 
     </span>
     <span class='ocr_line' id='line_1_15' title="bbox 134 2914 1258 3003; baseline -0.002 -13"><span class='ocrx_word' id='word_1_97' title='bbox 134 2923 235 2990; x_wconf 88' lang='lat' dir='ltr'>cert&#39;e</span> <span class='ocrx_word' id='word_1_98' title='bbox 262 2914 325 2989; x_wconf 89' lang='lat' dir='ltr'>ubi</span> <span class='ocrx_word' id='word_1_99' title='bbox 352 2915 396 2989; x_wconf 89' lang='lat' dir='ltr'>de</span> <span class='ocrx_word' id='word_1_100' title='bbox 425 2914 546 3000; x_wconf 86' lang='lat' dir='ltr'>rebus,</span> <span class='ocrx_word' id='word_1_101' title='bbox 572 2936 646 2987; x_wconf 90' lang='lat' dir='ltr'>non</span> <span class='ocrx_word' id='word_1_102' title='bbox 670 2915 713 2988; x_wconf 90' lang='lat' dir='ltr'>de</span> <span class='ocrx_word' id='word_1_103' title='bbox 743 2916 933 2989; x_wconf 83' lang='lat' dir='ltr'>abstractis</span> <span class='ocrx_word' id='word_1_104' title='bbox 960 2917 1179 3003; x_wconf 87' lang='lat' dir='ltr'>notionibus,</span> <span class='ocrx_word' id='word_1_105' title='bbox 1207 2927 1258 3000; x_wconf 62' lang='lat' dir='ltr'>ut¹</span> 
     </span>
     <span class='ocr_line' id='line_1_16' title="bbox 132 3031 1256 3126; baseline 0.005 -23"><span class='ocrx_word' id='word_1_106' title='bbox 132 3035 171 3104; x_wconf 89' lang='lat' dir='ltr'>in</span> <span class='ocrx_word' id='word_1_107' title='bbox 206 3031 484 3117; x_wconf 83' lang='lat' dir='ltr'>mathematicis,</span> <span class='ocrx_word' id='word_1_108' title='bbox 515 3033 649 3124; x_wconf 78' lang='lat' dir='ltr'>agitur.</span> <span class='ocrx_word' id='word_1_109' title='bbox 667 3033 775 3104; x_wconf 78' lang='lat' dir='ltr'>&#39;Sane</span> <span class='ocrx_word' id='word_1_110' title='bbox 807 3032 976 3106; x_wconf 88' lang='lat' dir='ltr'>deductio</span> <span class='ocrx_word' id='word_1_111' title='bbox 1006 3036 1256 3126; x_wconf 78' lang='lat' dir='ltr'>cogitationes¹</span> 
     </span>
     <span class='ocr_line' id='line_1_17' title="bbox 133 3131 1248 3243; baseline -0.001 -18"><span class='ocrx_word' id='word_1_112' title='bbox 133 3150 239 3225; x_wconf 87' lang='lat' dir='ltr'>nobis</span> <span class='ocrx_word' id='word_1_113' title='bbox 255 3131 418 3242; x_wconf 84' lang='lat' dir='ltr'>suppetit</span> <span class='ocrx_word' id='word_1_114' title='bbox 429 3168 521 3243; x_wconf 89' lang='lat' dir='ltr'>quae</span> <span class='ocrx_word' id='word_1_115' title='bbox 537 3155 698 3219; x_wconf 85' lang='lat' dir='ltr'>nostram</span> <span class='ocrx_word' id='word_1_116' title='bbox 713 3148 1035 3240; x_wconf 81' lang='lat' dir='ltr'>investigationem</span> <span class='ocrx_word' id='word_1_117' title='bbox 1050 3173 1115 3243; x_wconf 90' lang='lat' dir='ltr'>per</span> <span class='ocrx_word' id='word_1_118' title='bbox 1130 3167 1248 3225; x_wconf 87' lang='lat' dir='ltr'>rerum</span> 
     </span>
     <span class='ocr_line' id='line_1_18' title="bbox 134 3263 1248 3357; baseline 0.004 -21"><span class='ocrx_word' id='word_1_119' title='bbox 134 3265 320 3356; x_wconf 55' lang='lat' dir='ltr'>ambages*</span> <span class='ocrx_word' id='word_1_120' title='bbox 336 3263 491 3350; x_wconf 81' lang='lat' dir='ltr'>ducunt3</span> <span class='ocrx_word' id='word_1_121' title='bbox 517 3264 580 3337; x_wconf 88' lang='lat' dir='ltr'>sed</span> <span class='ocrx_word' id='word_1_122' title='bbox 604 3265 719 3357; x_wconf 88' lang='lat' dir='ltr'>quoad</span> <span class='ocrx_word' id='word_1_123' title='bbox 745 3265 993 3339; x_wconf 89' lang='lat' dir='ltr'>observatione</span> <span class='ocrx_word' id='word_1_124' title='bbox 1018 3267 1248 3342; x_wconf 88' lang='lat' dir='ltr'>confirmatae</span> 
     </span>
     <span class='ocr_line' id='line_1_19' title="bbox 134 3381 1259 3485; baseline 0.004 -32"><span class='ocrx_word' id='word_1_125' title='bbox 134 3389 237 3470; x_wconf 87' lang='lat' dir='ltr'>sunt,</span> <span class='ocrx_word' id='word_1_126' title='bbox 262 3381 441 3456; x_wconf 85' lang='lat' dir='ltr'>incertum</span> <span class='ocrx_word' id='word_1_127' title='bbox 466 3387 526 3454; x_wconf 89' lang='lat' dir='ltr'>est</span> <span class='ocrx_word' id='word_1_128' title='bbox 550 3402 635 3455; x_wconf 90' lang='lat' dir='ltr'>num</span> <span class='ocrx_word' id='word_1_129' title='bbox 661 3402 718 3453; x_wconf 88' lang='lat' dir='ltr'>res</span> <span class='ocrx_word' id='word_1_130' title='bbox 741 3395 826 3453; x_wconf 86' lang='lat' dir='ltr'>vere</span> <span class='ocrx_word' id='word_1_131' title='bbox 854 3383 1067 3475; x_wconf 85' lang='lat' dir='ltr'>exprimant.</span> <span class='ocrx_word' id='word_1_132' title='bbox 1088 3383 1259 3485; x_wconf 66' lang='lat' dir='ltr'>Naturae·²</span> 
     </span>
     <span class='ocr_line' id='line_1_20' title="bbox 134 3497 1249 3595; baseline 0.004 -25"><span class='ocrx_word' id='word_1_133' title='bbox 134 3501 241 3588; x_wconf 79' lang='lat' dir='ltr'>leges</span> <span class='ocrx_word' id='word_1_134' title='bbox 254 3498 353 3569; x_wconf 91' lang='lat' dir='ltr'>nulla</span> <span class='ocrx_word' id='word_1_135' title='bbox 372 3497 440 3568; x_wconf 92' lang='lat' dir='ltr'>alia</span> <span class='ocrx_word' id='word_1_136' title='bbox 451 3498 511 3567; x_wconf 87' lang='lat' dir='ltr'>via</span> <span class='ocrx_word' id='word_1_137' title='bbox 525 3497 671 3591; x_wconf 87' lang='lat' dir='ltr'>reperiri</span> <span class='ocrx_word' id='word_1_138' title='bbox 683 3503 959 3592; x_wconf 84' lang='lat' dir='ltr'>possuntquam</span> <span class='ocrx_word' id='word_1_139' title='bbox 977 3500 1008 3570; x_wconf 89' lang='lat' dir='ltr'>si</span> <span class='ocrx_word' id='word_1_140' title='bbox 1026 3506 1155 3574; x_wconf 87' lang='lat' dir='ltr'>natura</span> <span class='ocrx_word' id='word_1_141' title='bbox 1170 3501 1249 3595; x_wconf 84' lang='lat' dir='ltr'>ipsa</span> 
     </span>
     <span class='ocr_line' id='line_1_21' title="bbox 134 3613 1247 3707; baseline 0.001 -18"><span class='ocrx_word' id='word_1_142' title='bbox 134 3621 276 3689; x_wconf 87' lang='lat' dir='ltr'>attente</span> <span class='ocrx_word' id='word_1_143' title='bbox 305 3613 567 3688; x_wconf 82' lang='lat' dir='ltr'>consideretur.</span> <span class='ocrx_word' id='word_1_144' title='bbox 601 3615 714 3686; x_wconf 91' lang='lat' dir='ltr'>Immo</span> <span class='ocrx_word' id='word_1_145' title='bbox 740 3613 929 3688; x_wconf 85' lang='lat' dir='ltr'>observare</span> <span class='ocrx_word' id='word_1_146' title='bbox 962 3617 1149 3689; x_wconf 87' lang='lat' dir='ltr'>nonsatis</span> <span class='ocrx_word' id='word_1_147' title='bbox 1176 3625 1247 3707; x_wconf 83' lang='lat' dir='ltr'>est,</span> 
     </span>
     <span class='ocr_line' id='line_1_22' title="bbox 134 3730 1256 3824; baseline 0.005 -21"><span class='ocrx_word' id='word_1_148' title='bbox 134 3737 278 3824; x_wconf 82' lang='lat' dir='ltr'>oportet</span> <span class='ocrx_word' id='word_1_149' title='bbox 300 3736 487 3824; x_wconf 86' lang='lat' dir='ltr'>praeterea</span> <span class='ocrx_word' id='word_1_150' title='bbox 501 3736 566 3803; x_wconf 73' lang='lat' dir='ltr'>&#39;ut&#39;</span> <span class='ocrx_word' id='word_1_151' title='bbox 580 3751 659 3801; x_wconf 89' lang='lat' dir='ltr'>eam</span> <span class='ocrx_word' id='word_1_152' title='bbox 690 3730 968 3822; x_wconf 83' lang='lat' dir='ltr'>interrogemus,</span> <span class='ocrx_word' id='word_1_153' title='bbox 999 3732 1256 3819; x_wconf 77' lang='lat' dir='ltr'>sollicitemus,</span> 
     </span>
     <span class='ocr_line' id='line_1_23' title="bbox 133 3845 1259 3945; baseline 0.001 -25"><span class='ocrx_word' id='word_1_154' title='bbox 133 3849 232 3920; x_wconf 92' lang='lat' dir='ltr'>omni</span> <span class='ocrx_word' id='word_1_155' title='bbox 254 3846 359 3919; x_wconf 89' lang='lat' dir='ltr'>modo</span> <span class='ocrx_word' id='word_1_156' title='bbox 387 3853 582 3918; x_wconf 88' lang='lat' dir='ltr'>tentemus.</span> <span class='ocrx_word' id='word_1_157' title='bbox 600 3845 772 3917; x_wconf 91' lang='lat' dir='ltr'>Politicae</span> <span class='ocrx_word' id='word_1_158' title='bbox 798 3846 912 3937; x_wconf 79' lang='lat' dir='ltr'>igitur</span> <span class='ocrx_word' id='word_1_159' title='bbox 940 3848 1126 3945; x_wconf 83' lang='lat' dir='ltr'>scientiae,</span> <span class='ocrx_word' id='word_1_160' title='bbox 1149 3871 1259 3943; x_wconf 82' lang='lat' dir='ltr'>prop-¹</span> 
     </span>
     <span class='ocr_line' id='line_1_24' title="bbox 132 3948 1249 4056; baseline 0.004 -23"><span class='ocrx_word' id='word_1_161' title='bbox 132 3972 237 4040; x_wconf 79' lang='lat' dir='ltr'>terea</span> <span class='ocrx_word' id='word_1_162' title='bbox 249 3962 418 4055; x_wconf 86' lang='lat' dir='ltr'>quadres</span> <span class='ocrx_word' id='word_1_163' title='bbox 434 3978 498 4055; x_wconf 83' lang='lat' dir='ltr'>pro</span> <span class='ocrx_word' id='word_1_164' title='bbox 513 3963 662 4035; x_wconf 86' lang='lat' dir='ltr'>materia</span> <span class='ocrx_word' id='word_1_165' title='bbox 674 3960 794 4046; x_wconf 87' lang='lat' dir='ltr'>habat,</span> <span class='ocrx_word' id='word_1_166' title='bbox 809 3948 1249 4056; x_wconf 57' lang='lat' dir='ltr'>experimentalis&#39;mstho</span> 
     </span>
     <span class='ocr_line' id='line_1_25' title="bbox 133 4077 1103 4179; baseline -0.001 -24"><span class='ocrx_word' id='word_1_167' title='bbox 133 4079 206 4155; x_wconf 90' lang='lat' dir='ltr'>dus</span> <span class='ocrx_word' id='word_1_168' title='bbox 222 4079 298 4151; x_wconf 83' lang='lat' dir='ltr'>sola</span> <span class='ocrx_word' id='word_1_169' title='bbox 317 4077 511 4157; x_wconf 86' lang='lat' dir='ltr'>succedere</span> <span class='ocrx_word' id='word_1_170' title='bbox 532 4083 664 4179; x_wconf 80' lang='lat' dir='ltr'>potest.</span> <span class='ocrx_word' id='word_1_171' title='bbox 787 4096 790 4101; x_wconf 87' lang='grc'><em>·</em></span> <span class='ocrx_word' id='word_1_172' title='bbox 1100 4098 1103 4104; x_wconf 90' lang='grc'><em>·</em></span> 
     </span>
    </p>
   </div>
   <div class='ocr_carea' id='block_1_5' title="bbox 145 4193 1256 4297">
    <p class='ocr_par' dir='ltr' id='par_1_5' title="bbox 145 4193 1256 4297">
     <span class='ocr_line' id='line_1_26' title="bbox 145 4193 1256 4297; baseline 0 -25"><span class='ocrx_word' id='word_1_173' title='bbox 145 4195 285 4275; x_wconf 78' lang='lat' dir='ltr'>-Hanc</span> <span class='ocrx_word' id='word_1_174' title='bbox 301 4202 422 4295; x_wconf 78' lang='lat' dir='ltr'>autem</span> <span class='ocrx_word' id='word_1_175' title='bbox 438 4194 646 4297; x_wconf 87' lang='lat' dir='ltr'>methodum</span> <span class='ocrx_word' id='word_1_176' title='bbox 667 4215 740 4265; x_wconf 92' lang='lat' dir='ltr'>non</span> <span class='ocrx_word' id='word_1_177' title='bbox 761 4193 864 4267; x_wconf 87' lang='lat' dir='ltr'>facile</span> <span class='ocrx_word' id='word_1_178' title='bbox 889 4202 945 4267; x_wconf 87' lang='lat' dir='ltr'>est</span> <span class='ocrx_word' id='word_1_179' title='bbox 968 4203 1113 4272; x_wconf 86' lang='lat' dir='ltr'>nostrae</span> <span class='ocrx_word' id='word_1_180' title='bbox 1134 4199 1256 4280; x_wconf 71' lang='lat' dir='ltr'>scien-1</span> 
     </span>
    </p>
   </div>
   <div class='ocr_carea' id='block_1_6' title="bbox 0 0 1400 4950">
    <p class='ocr_par' dir='ltr' id='par_1_6' title="bbox 0 0 1400 4950">
     <span class='ocr_line' id='line_1_27' title="bbox 0 0 1400 4950; baseline 0 2"><span class='ocrx_word' id='word_1_181' title='bbox 0 0 1400 4950; x_wconf 95' lang='lat' dir='ltr'> </span> 
     </span>
    </p>
   </div>
  </div>
 </body>
</html>
