2790 4950
613 335 652 345 -
672 301 713 363 28
733 335 770 346 -

137 452 220 503 cum
239 431 376 502 usitato
406 451 516 504 sensu
540 431 703 517 retinuit,
728 433 892 525 quamvis
920 433 1054 527 aliquid
1081 433 1252 526 ambigui·

136 548 223 621 tatis
242 547 404 620 haberet.
824 544 826 549 ’

179 663 257 736 Hac
275 664 439 736 doctrina
464 686 596 736 novam
617 666 710 757 juris
734 666 998 761 philosophiam
1023 667 1251 740 instauravit.

135 782 290 863 Etenim,
308 803 424 876 usque
443 781 487 852 ad
509 782 577 853 hoc
601 788 760 875 tempus,
778 782 984 877 philosophi
1007 784 1052 856 de
1070 785 1118 855 iis
1134 806 1255 878 quaes·

135 897 295 979 tionibus
312 898 349 968 in
381 900 471 969 duas
498 905 621 993 partes
647 899 916 973 scindebantur.
938 900 1010 973 Alii
1033 902 1096 994 jus
1124 908 1252 986 totum,

135 1037 208 1086 non
226 1036 347 1088 rerum
363 1023 490 1086 natura
507 1017 709 1102 fundatum,
725 1017 789 1088 sed
806 1016 991 1091 hominurn
1002 1017 1117 1090 libera
1130 1019 1256 1090 volun·

133 1138 211 1205 tate
228 1137 266 1204 et
283 1131 414 1213 nescio,
425 1154 496 1226 qua
512 1132 680 1223 originali
699 1133 933 1226 stipulatione
946 1133 1160 1206 institutum
1176 1157 1255 1208 esse

135 1247 326 1320 docebant.
356 1248 646 1341 Aliiquamdam
668 1249 833 1342 ejusdem
858 1256 999 1344 partem
1017 1290 1063 1306 --
1079 1250 1147 1323 sed
1162 1251 1256 1325 hanc

134 1370 279 1437 tantum
294 1406 339 1420 -
360 1365 562 1454 naturalem
593 1387 675 1439 esse
701 1366 977 1454 arbitrabantur,
1004 1368 1150 1442 scilicet
1178 1390 1256 1441 eam

136 1503 227 1574 quae
243 1502 289 1553 ex
306 1467 505 1555 universali
516 1481 673 1553 hominis
690 1483 837 1556 notione
854 1483 984 1554 deduci
1000 1490 1155 1577 poterat.
1172 1485 1257 1557 Sola

137 1598 232 1670 enim
250 1598 407 1669 hominis
422 1599 554 1693 privati
571 1584 701 1671 natura
717 1601 768 1672 ita
784 1601 933 1673 definita
954 1608 991 1675 et
1008 1602 1150 1677 stabilis
1174 1618 1260 1674 esse

134 1714 325 1803 videbatur
353 1720 396 1785 ut
421 1715 563 1786 firmum
595 1716 668 1809 juri
701 1717 975 1791 fundamentum
1004 1739 1087 1791 esse
1115 1727 1253 1813 posset.

133 1833 168 1903 A
183 1832 361 1925 prioribus
383 1833 498 1924 igitur
521 1833 746 1930 philosophis
775 1856 848 1907 non
872 1836 960 1908 adeo
982 1836 1045 1908 isti
1068 1836 1258 1908 dissentia

136 1949 240 2035 bant;
263 1971 359 2034 nam,
387 1969 470 2020 cum
493 1972 632 2021 summa
655 1957 798 2024 tantum
821 1959 859 2024 et
878 1973 1060 2046 perpauca
1079 1954 1257 2047 principia

135 2065 181 2136 ad
212 2086 289 2136 eam
321 2065 500 2157 originem
526 2066 650 2139 reduci
676 2074 823 2160 queant,
859 2069 964 2162 leges
1003 2069 1254 2164 particulares,

17 2236 21 2244 ,
139 2204 229 2275 quae
245 2183 462 2276 populorum
478 2183 623 2258 codices
645 2185 808 2279 implent,
835 2185 993 2257 humana
1013 2186 1256 2258 manufactas

136 2305 173 2370 et
188 2299 259 2392 ipsi
280 2298 473 2372 habebant.
499 2300 593 2372 Sane
607 2299 786 2374 'Hobbaeo
809 2301 973 2394 aliisque,
996 2302 1056 2394 qui
1072 2300 1256 2375 hominem

134 2415 311 2509 advitam
340 2436 566 2491 communem
593 2419 731 2514 impetu
759 2418 915 2490 naturali
947 2419 1144 2512 impulsum
1171 2440 1255 2492 esse

132 2533 331 2626 negabant,
348 2533 643 2620 adversabantur,
662 2535 741 2621 sed,
760 2534 791 2606 si
806 2556 879 2607 non
894 2535 1106 2608 societatem
1120 2535 1253 2629 ipsam,

134 2655 233 2723 certe
260 2650 450 2723 civitatum
472 2651 604 2725 formas
622 2653 863 2747 'etpleraque
888 2651 1007 2723 civilia
1035 2651 1210 2724 instituta
1235 2675 1255 2726 e

133 2789 232 2855 mera
259 2768 501 2841 conventione
528 2768 686 2862 pendere
716 2768 989 2841 arbitrabantur.
1023 2768 1256 2842 Secundatus

135 2891 261 2958 contra
290 2904 364 2956 non
393 2884 498 2956 modo
532 2886 724 2978 generales
751 2887 832 2958 illas
858 2886 1019 2977 regulas,
1044 2886 1108 2958 sed
1133 2891 1256 2961 totum

133 3002 253 3095 legum
270 3007 494 3087 contextum,
514 3005 638 3095 quales
661 3002 756 3097 apud
778 3003 940 3076 diversas
963 3007 1102 3094 gentes
1121 3004 1257 3094 vigent

135 3124 198 3191 aut
214 3119 426 3212 viguerunt,
441 3119 642 3191 naturalem
658 3140 739 3192 csse
757 3119 969 3211 profitetur:
988 3140 1050 3192 eas
1066 3126 1190 3190 autem
1207 3141 1256 3191 ex

134 3241 261 3308 natura
279 3235 438 3328 corporis
455 3235 605 3329 politici,
621 3256 695 3307 non
711 3235 866 3309 bominis
883 3235 1037 3308 derivat.
1054 3234 1144 3306 Mire
1156 3236 1256 3307 enim

136 3353 252 3425 sensit
277 3357 445 3425 naturam
476 3353 691 3424 societatum
719 3373 793 3424 non
819 3352 939 3424 minus
968 3351 1118 3424 solidam
1141 3358 1255 3445 atque

134 3475 318 3545 immotam
344 3492 425 3542 esse
452 3492 558 3564 quam
581 3469 750 3558 hominis,
779 3491 898 3564 neque
932 3471 1085 3565 populos
1108 3469 1255 3541 facilius

136 3611 243 3683 quam
266 3587 434 3659 animalia
457 3608 503 3665 ex
524 3608 598 3658 una
619 3587 740 3681 specie
765 3586 810 3659 ad
834 3587 938 3659 aliam
966 3585 1107 3669 traduci
1127 3607 1251 3680 posse.

133 3706 232 3778 Nihil
266 3705 381 3797 igitur
415 3703 574 3797 iniquius
606 3704 655 3775 sit
680 3726 786 3797 quam
822 3704 853 3775 si
890 3702 1137 3775 Secundatum
1168 3724 1255 3775 cum

137 3820 360 3893 Machiavelo
406 3840 609 3915 compares,
652 3821 784 3915 quippe
829 3820 889 3912 qui
931 3819 1037 3911 leges
1078 3824 1254 3912 tanquam

135 3939 319 4011 machinas
338 3938 618 4011 consideraverit
634 3939 764 4032 quibus
778 3937 959 4032 principes
975 3936 1021 4007 ad
1037 3936 1179 4007 libitum
1196 3938 1253 4008 uti

133 4056 289 4152 possint.
310 4055 445 4127 Noster
460 4061 586 4127 contra
608 4076 682 4126 non
698 4054 817 4125 miuus
834 4053 961 4124 stabile
977 4051 1254 4124 fundamentum

131 4173 203 4266 juri
217 4172 369 4265 subjecit
385 4194 489 4265 quam
508 4171 656 4244 Grotius
677 4172 828 4266 ejusque
845 4176 1057 4255 sectatores,
1076 4168 1140 4241 sed
1156 4191 1252 4239 nova

134 4290 207 4376 illa,
229 4312 336 4382 quam
352 4288 520 4374 diximus,
537 4289 688 4360 ratione.
