2790 4950
411 426 531 538 curu
564 356 888 528 cuculorum

124 693 613 905 suillium
677 744 1181 911 nonnula

323 1126 659 1203 llsvlvuulcln
690 1128 975 1207 CONTULllltlT

480 1782 814 1911 ouoounruu

133 2075 316 2149 Historiae
333 2080 479 2149 nostrae
493 2077 733 2163 immemores,
746 2079 1002 2151 consuevimus
1018 2081 1206 2154 scientiam

90 2203 275 2297 politicam
296 2202 427 2275 ducere
451 2203 603 2275 alienam
624 2203 823 2275 amoribus
844 2204 979 2276 nostris
1001 2206 1205 2300 gallicoque

87 2329 248 2422 ingenio.
272 2328 446 2412 Quoniam
464 2330 559 2401 enim
576 2328 763 2400 clarissimi
784 2329 989 2425 philosophi
1005 2331 1066 2424 qui
1086 2332 1129 2404 de
1147 2333 1204 2403 his

88 2454 196 2525 rebus
225 2455 473 2527 recentissime
503 2454 727 2549 scripserunt
749 2455 787 2525 in
811 2454 999 2527 Britannia
1024 2464 1088 2530 aut
1116 2457 1205 2530 Ger-

87 2579 207 2649 mania
227 2577 394 2664 floruere,
416 2578 517 2650 obliti
541 2600 667 2650 sumus
686 2578 780 2655 hanc
808 2579 997 2652 scientiam
1020 2580 1116 2674 apud
1134 2603 1204 2655 nos

87 2703 241 2797 primum
266 2703 466 2775 exstitisse.
496 2704 672 2775 Attamen
697 2724 771 2775 non
797 2703 902 2777 modo
928 2704 1055 2779 Oomte
1079 2711 1204 2779 noster

88 2849 165 2899 eam
195 2828 333 2922 primus
360 2827 532 2917 omnium.
550 2827 641 2899 bene
673 2827 851 2920 fundavit,
885 2829 924 2901 in
959 2851 1045 2902 suas
1079 2837 1203 2925 partes

87 2959 280 3053 descripsit
309 2963 347 3030 et
374 2958 518 3030 nominc
545 2956 700 3052 proprio,
723 2964 943 3051 'quanquam
974 2960 1203 3053 aliquatenus

85 3084 283 3170 barbarico,
318 3083 551 3174 soeiologiam
582 3083 733 3182 seilicet,
764 3084 973 3178 appellavit,
996 3085 1060 3157 sed
1086 3086 1202 3157 omnis

85 3208 145 3280 ille
177 3209 336 3300 impetus
373 3207 417 3278 ad
435 3206 616 3302 ‘politicas
656 3208 887 3300 quaestiones
921 3230 942 3278 a
977 3209 1201 3303 philosophis

85 3335 233 3420 nostris,
263 3334 324 3427 qui
350 3332 642 3405 duodevicesimo
667 3333 811 3405 saeculo
840 3332 1024 3420 vivebant,
1053 3341 1201 3407 exortus

86 3467 155 3533 est.
181 3459 238 3530 Ex
252 3459 315 3530 illa
329 3464 450 3532 autem
465 3458 604 3552 inclyta
623 3459 839 3552 scriptorum
853 3461 1094 3554 manu'longe
1116 3469 1201 3537 ante

86 3605 211 3657 omnes
232 3585 368 3657 eminet
389 3585 616 3657 Secundatus
638 3585 771 3679 quippe
794 3585 855 3677 qui
875 3585 913 3656 in
932 3608 997 3658 suo
1018 3586 1120 3674 libro,
1138 3590 1201 3682 qui

85 3712 142 3784 De
158 3711 308 3804 t'Espcvt
323 3713 382 3784 deo
397 3711 484 3783 Lois
499 3710 718 3797 inscribitur,
735 3731 851 3783 novae
873 3711 1083 3806 disciplinae
1105 3716 1202 3809 prin·

85 3839 179 3933 cipia
194 3836 406 3910 instituerit.
853 3846 856 3853 '

131 3964 225 4036 Sane
241 3963 280 4034 in
295 3962 365 4033 hoc
384 3981 491 4054 opere
510 3960 740 4034 Secundatus
763 3982 837 4034 non
861 3962 904 4034 de
929 3964 1093 4034 omnibus
1111 3965 1202 4059 poli·

84 4090 167 4163 ticis
182 4090 287 4161 factis
303 4089 486 4175 disseruit,
504 4088 569 4161 sed
584 4088 628 4161 de
648 4088 755 4160 unico
779 4110 914 4181 genera
938 4111 1074 4175 eorum,
1090 4090 1127 4161 id
1144 4098 1201 4163 est

85 4214 129 4286 de
146 4215 304 4307 legibus.
322 4217 372 4285 At
393 4214 484 4286 ratio
505 4235 576 4306 qua
598 4212 643 4284 ad
665 4213 955 4307 interpretandas
970 4216 1089 4286 varias
1106 4215 1200 4310 juris
