2790 4950
712 285 872 381 ..187

231 498 233 502 ,
282 420 408 495 Totam
420 419 513 491 hanc
526 419 776 512 quaestionem
788 416 996 490 excutiendi
1008 436 1084 490 non
1094 417 1158 493 hic
1170 419 1282 493 loeus
1293 426 1356 493 est.

236 535 441 618 Monstrare
464 540 607 607 tantum
638 534 805 606 volumus
837 533 974 607 nullam
1002 535 1231 607 societatum
1254 534 1359 607 scien·

235 653 325 750 tiam
351 674 433 725 esse
454 672 562 746 posse
590 650 621 722 si
645 651 714 722 hae
737 651 821 742 lege
845 649 1061 736 liberentur}
1082 650 1358 723 animadvertas

236 776 371 854 autem,
386 768 540 841 scientia
552 768 757 852 deficiente,
773 773 888 839 artem
899 767 1026 861 ipsam,
1041 774 1082 837 ut
1094 766 1356 858 vidimus‚'uno

237 887 435 980 eodemque
461 892 622 980 tempore
646 904 864 957 evanescere
891 889 1077 958 anteorte
1099 883 1354 978 nescioquam

235 1004 457 1088 facultatem,
474 1007 617 1098 praeter
635 1000 812 1073 rationem
825 1005 1003 1084 nostram,'
1013 999 1264 1073 adhibendam
1281 1024 1355 1074 esse

237 1121 283 1191 ad
308 1128 502 1215 praecepta
536 1119 633 1190 vitae
669 1117 902 1189 instituenda.
941 1115 1126 1202 Ceterum,
1164 1139 1256 1189 eum
1293 1118 1356 1190 hoc

236 1237 463 1331 principium,
483 1259 529 1308 ex
548 1257 618 1329 quo
634 1257 694 1308 res
708 1234 899 1306 universae
917 1239 1016 1306 arcte
1033 1234 1130 1306 inter
1146 1256 1188 1306 se
1203 1242 1357 1309 nectun-

235 1360 308 1441 tur,
326 1354 364 1424 in
379 1353 517 1446 reliqua
531 1358 661 1423 natura
671 1352 747 1444 jam
764 1353 904 1445 experti
926 1351 1039 1423 simus
1059 1368 1181 1444 neque
1195 1372 1356 1447 unquam

234 1471 365 1541 falsum
377 1470 589 1560 occurrerit,
608 1469 703 1540 idem
718 1474 756 1540 et
771 1468 808 1539 in
823 1467 1057 1546 societatibus
1069 1467 1258 1557 humanis,
1271 1492 1356 1562 quae

235 1588 273 1658 in
289 1592 420 1658 natum
435 1587 681 1669 eontinentur,
699 1585 819 1656 valere
830 1612 833 1618 ·
845 1584 1144 1657 verisimillimum
1160 1592 1243 1657 est·
1263 1586 1357 1659 Nihil

219 1703 333 1775 enim
354 1708 476 1774 rectae
500 1701 669 1774 methodo
694 1701 813 1792 magis
836 1700 1138 1774 contrariumest
1164 1725 1281 1793 quam
1305 1709 1357 1776 tot

236 1826 274 1890 et
302 1825 425 1890 tantas
451 1819 584 1909 insilla.
606 1819 735 1909 regula
762 1817 999 1913 exceptiones
1019 1818 1167 1910 fingere
1203 1841 1357 1912 quarum

235 1959 281 2008 ne
312 1959 425 2007 unum
453 1935 597 2028 quidem
628 1935 831 2027 exemplum
861 1935 1041 2007 novimus.
1072 1933 1181 2007 Multi
1210 1937 1357 2028 quidem

237 2052 448 2144 objecerunt
475 2051 568 2122 hanc
595 2051 853 2122 necessitatem
885 2072 968 2122 cum
997 2051 1154 2121 humana
1186 2051 1356 2126 libertate

236 2168 418 2240 conciliari
434 2189 508 2240 non
523 2189 648 2260 posse;
673 2167 768 2238 hanc
792 2174 913 2239 autem
938 2166 1238 2260 disputationem,
1256 2175 1300 2242 ut
1322 2170 1358 2240 in

237 2286 305 2357 alio
321 2285 409 2356 libro
421 2287 497 2378 jam
514 2283 683 2368 diximus,
702 2305 867 2355 amovere
888 2282 1060 2356 debemus
1073 2283 1124 2375 (¹).
1146 2282 1312 2374 Etenim,
1330 2287 1358 2357 si

235 2402 387 2474 liberum
421 2401 575 2473 hominis
607 2400 791 2472 arbitrium
829 2401 933 2492 leges
967 2399 1195 2472 necessarias
1230 2425 1359 2475 revera

236 2519 342 2604 tollit,
372 2541 454 2614 cum
486 2519 655 2589 voluntas
681 2518 720 2589 in
747 2517 854 2589 nebus
879 2517 1036 2589 extemis
1058 2539 1097 2589 se
1125 2519 1358 2592 manifestam

235 2636 441 2707 necessario
460 2634 602 2719 efficiat,
620 2655 694 2704 non
709 2634 813 2705 modo
829 2640 1000 2724 mentem,
1017 2633 1205 2706 sedetiam
1221 2656 1356 2731 corpus

236 2760 273 2826 et
288 2753 347 2824 res
363 2751 578 2822 inanimatas
596 2751 691 2821 omni
707 2751 830 2822 ordine
847 2750 1000 2843 ideoque
1009 2751 1167 2823 ¹seientia
1185 2761 1356 2847 expertes

236 2892 316 2941 esse
344 2867 590 2962 accipiendum
613 2874 681 2938 est.
708 2869 758 2938 At
786 2888 890 2951 nemo
919 2875 977 2941 est
1000 2867 1172 2939 hodierno
1191 2874 1356 2964 tempore

237 2985 297 3078 qui
328 2984 512 3078 disputare
537 2982 677 3056 audeat
707 3005 796 3053 num
821 2988 976 3054 naturae
1008 2982 1182 3056 scientiae
1209 2984 1355 3059 institui

235 3079 394 3196 possint3
423 3122 494 3171 non
521 3106 581 3171 est
594 3099 844 3193 -curpolitiea
868 3099 1021 3175 scientia
1039 3098 1167 3173 eodem
1179 3099 1265 3192 jure
1284 3124 1356 3176 non

235 3219 386 3288 fruatur.
598 3291 600 3295 ,

279 3333 452 3405 Homines
469 3339 591 3404 autem
613 3337 651 3404 et
676 3330 747 3426 ipsi
775 3331 978 3426 philosophi
996 3337 1126 3404 natura
1141 3333 1246 3426 proni
1268 3343 1355 3408 sunt

235 3450 279 3521 ad
295 3453 364 3521 hoc
383 3450 598 3543 principium
612 3471 631 3521 e
648 3448 756 3520 rebus
773 3449 929 3542 politicis
945 3447 1191 3542 rejiciendum.
1206 3449 1353 3523 Etenim

235 3567 534 3660 quemadmodum
545 3567 664 3637 nullas
681 3567 769 3636 alias
781 3567 964 3636 actionum
975 3571 1180 3637 nostrarum
1190 3567 1353 3641 rationes

236 3704 316 3754 esse
338 3682 655 3775 vulgo-credimus
675 3682 746 3754 nisi
771 3704 832 3754 aas
849 3703 947 3774 ,quae
970 3681 1036 3753 sub
1061 3682 1141 3754 luce
1165 3685 1353 3757 conscien-

234 3799 306 3871 tiae
321 3801 545 3872 voluntatem
560 3807 722 3872 nostram
738 3799 909 3871 videntur
922 3799 1108 3888 inclinare,
1135 3805 1351 3896 ceterasque

234 3938 413 4008 negamus
425 3938 506 3991 esse
523 3899 606 4010 quia
618 3939 679 3988 eas
691 3939 764 3989 non
778 3917 954 3989 sentimus
963 3939 972 4003 ;
982 3917 1044 4006 ita,
1055 3917 1093 3986 in
1106 3916 1273 3989 civilibus
1286 3920 1354 3990 ins·

234 4034 366 4118 titutis,
387 4034 506 4106 causis
524 4056 615 4127 quae
631 4034 784 4107 maxime
800 4033 1017 4127 conspicuae
1039 4039 1126 4106 sunt
1145 4033 1220 4106 vim
1241 4037 1352 4111 maxi·

264 4284 295 4347 (¹)
310 4284 351 4336 De
361 4284 389 4334 lo
399 4285 524 4335 Diviciaco
535 4285 574 4338 du
585 4285 685 4337 travail
695 4284 789 4348 soeiol,
810 4299 836 4349 p.
848 4283 861 4336 1
873 4288 899 4336 et
908 4283 941 4335 11.
