2790 4950
627 310 812 412 ,635

141 441 377 542 aprincipiis,
399 464 491 536 quae
508 465 554 513 an
555 448 615 514 ten
631 444 781 536 posuit,¹
794 464 866 514 non
893 442 1022 515 deduci
1045 465 1152 537 posse
1169 445 1261 517 exis·
1351 521 1354 525 ⁴

138 557 258 628 limat.
289 556 434 655 Etenim
462 559 649 657 seruitutis
679 561 825 632 institut
785 561 946 631 uionem
963 566 1001 631 et
1027 546 1260 665 Reipublicae

144 651 390 783 definitionem
403 674 500 746 inter
515 697 554 749 se
570 655 751 775 contraria
765 697 846 748 esse
864 675 1033 777 ostendit.
1054 676 1259 770 Sicl'yrnn·

137 788 228 876 nida
243 766 324 862 odit
336 777 418 884 quia
434 791 621 864 societatis
638 797 677 862 ιι
679 813 748 884 que
764 799 802 863 ιι
802 792 874 862 iam
891 791 1045 863 hominis
1064 793 1258 878 essentiae,

137 907 287 998 qualem
319 911 399 979 esse
431 907 601 1000 concipit,
639 908 759 1000 logice
793 911 1043 1002 repugnabo.)
1081 908 1235 982 Deduct
1209 916 1270 982 tro.

141 1021 258 1119 igitur
275 1023 313 1095 in
327 1023 540 1117 quibusdam
554 1024 697 1126 casibus
709 1025 818 1126 etiam
830 1031 957 1124 contra
970 1008 1260 1098 observationem

138 1144 179 1209 et
195 1138 457 1234 experientiam
472 1140 670 1242 praeualet.

138 1485 249 1559 Sin
277 1509 366 1580 ergo
391 1430 592 1571 inductio
580 1512 618 1560 ιιι
641 1490 741 1584 polit
732 1470 788 1590 ιιι
807 1491 926 1563 scient
927 1491 962 1562 ia
983 1492 1137 1584 primum
1162 1493 1258 1585 apud

104 1687 110 1691 ,
139 1587 392 1678 secundatum
416 1613 578 1701 apparet,
603 1586 783 1679 contraria
806 1613 881 1679 met
866 1607 976 1679 thodo
1001 1608 1162 1679 nondum
1191 1608 1259 1679 dis·

138 1724 255 1826 cessit
276 1744 390 1825 eaque
413 1702 633 1796 admixtione
656 1724 757 1795 adult
742 1702 957 1797 teraturt
905 1702 957 1797 Ut
982 1747 1049 1796 nos
1051 1731 1106 1798 ιιι
1127 1745 1259 1797 novam

136 1841 239 1910 viam
257 1838 450 1932 ingressus
472 1844 541 1924 est,
567 1840 618 1912 ita
638 1846 760 1912 tamen
781 1841 905 1912 tritam
920 1862 992 1911 non
1012 1841 1184 1913 deseruit.
1206 1841 1260 1912 Ει

137 1962 204 2028 aut
206 1978 263 2029 cm
294 1956 465 2029 methodi
482 1956 704 2049 ambiguitas
736 1978 784 2029 ex
815 1957 894 2051 ipsa
925 1957 1037 2028 doct
993 1963 1122 2047 trinae,
1152 1979 1259 2072 quam

134 2094 252 2166 supra
266 2072 467 2159 retulimus,
486 2072 724 2165 ambiguitate
752 2074 872 2167 sequit
873 2094 927 2143 ur.
960 2056 1102 2145 Etenim
1130 2073 1160 2144 si
1183 2095 1259 2146 nor-

136 2189 253 2260 males
275 2189 430 2291 societat
415 2188 462 2261 tis
487 2189 651 2261 formae
641 2211 678 2259 m
700 2188 862 2283 ejusdem
882 2213 930 2260 na
931 2196 1019 2262 utra
1029 2174 1259 2283 comprehen-

138 2305 288 2395 duntur,
305 2327 351 2377 ex
366 2305 485 2406 hujus
491 2313 642 2379 naturae
662 2305 799 2378 definit
772 2312 871 2379 trone
895 2306 1064 2378 concludi
1085 2313 1255 2400 possunt,

135 2443 202 2493 aas
236 2401 364 2494 autem
389 2421 530 2514 logicas
563 2421 855 2521 necessitudines
893 2422 1078 2523 Secundat
1062 2428 1123 2494 tus
1153 2423 1257 2515 leges

135 2518 311 2632 appellat.
344 2523 384 2609 Si
413 2560 472 2609 res
508 2538 679 2639 adeot
623 2561 663 2608 ιι
664 2539 760 2610 tioni
780 2546 865 2612 nost
867 2561 926 2611 rae
950 2518 1129 2631 cognatae
1155 2545 1254 2625 sunt,

137 2655 239 2726 rar-tio
179 2655 385 2726 tsufficit
411 2634 456 2725 ad
479 2678 542 2727 eas
566 2635 870 2750 interpretandas.
898 2656 1086 2728 Miraberis
1106 2656 1209 2728 forsit
1193 2663 1256 2728 tan

137 2768 257 2841 hanc
245 2751 409 2841 rntimam
421 2792 542 2844 rerum
553 2777 719 2841 naturam
732 2771 821 2842 adeo
835 2776 937 2865 apert
939 2791 996 2841 om
922 2770 1173 2842 v1der1
1131 2776 1173 2842 ut
1181 2771 1256 2864 jam

136 2907 156 2957 e
173 2886 348 3017 scientiae
365 2887 512 2959 exordio
525 2886 701 2989 cognosci
718 2893 755 2958 et
772 2884 912 2958 definiri
924 2887 1051 2980 possit,
1072 2907 1156 2956 curn
1172 2907 1256 2958 con·

135 3009 206 3075 tra
203 3002 331 3074 scient
330 3003 367 3072 ia
381 3007 489 3096 perae
491 3003 666 3117 tapotius
685 3025 790 3094 quam
806 3001 982 3095 incipient
984 3024 1013 3074 e
966 3003 1087 3074 tdet
1072 3001 1255 3074 terminari

133 3138 246 3212 posse
257 3102 434 3190 videatur.
443 3117 521 3190 Hoc
532 3125 654 3190 autern
665 3140 746 3190 cum
760 3118 955 3208 Secundat
928 3118 1255 3227 trprincipiisbe'ne

135 3241 266 3307 consta
246 3215 624 3339 atQueinadmodum
640 3236 840 3320 vinculum,
865 3234 968 3327 quod·
987 3236 1087 3306 inter
1107 3223 1209 3330 polit
1199 3225 1255 3307 ιιι

131 3352 286 3455 factaet
303 3352 498 3463 societatis
507 3339 703 3424 essentiam
720 3351 857 3435 existit
878 3356 937 3422 rat
921 3349 1092 3422 tionabile
1111 3357 1182 3436 ast,
1204 3351 1256 3422 ita

133 3473 174 3540 et
189 3490 239 3540 ea
249 3469 329 3564 ipsa
347 3469 518 3554 essentia,
538 3467 771 3561 quaetotiu's
799 3466 907 3559 hujus
928 3464 1072 3538 deduct
1046 3467 1156 3538 tronis
1171 3459 1251 3561 fons

136 3592 206 3674 est,
226 3585 388 3658 eamdem
406 3591 572 3655 naturam
592 3583 715 3668 habet,
736 3582 772 3653 id
794 3583 880 3653 est
870 3604 908 3653 ιιι
915 3571 1084 3676 simplici
1106 3584 1254 3655 notione

136 3701 306 3773 consistit
325 3723 432 3794 quam
455 3701 546 3773 ratio
568 3699 676 3771 celeri
699 3699 925 3792 inspectione
948 3699 1118 3791 amplecti
1140 3700 1250 3772 valet.

134 3815 217 3889 Uno
236 3817 359 3906 verbo,
390 3816 620 3889 Secundatus
646 3836 718 3886 non
751 3813 840 3886 satis
866 3813 978 3885 sentit
1000 3821 1187 3907 quantum,
1210 3822 1254 3886 ut

135 3934 186 4005 ait
201 3933 443 4018 Verulamius,
461 3953 580 4004 rerum
599 3930 781 4002 subtilitas
797 3929 974 4002 humanae
991 3928 1123 4001 mentis
1141 3928 1252 4001 subti-

132 4034 275 4122 litatem
301 4034 514 4144 exsuperem
540 4036 583 4120 ea
611 4053 670 4120 est
693 4069 803 4118 causa
825 4067 889 4118 cur
908 4038 1098 4118 rationi'et
1121 4044 1253 4118 deduc-

165 4231 196 4295 (1)
213 4231 318 4295 «Apris
334 4235 389 4282 tout
399 4245 428 4281 ce
444 4244 496 4294 que
511 4243 578 4281 nous
593 4241 692 4280 venons
709 4227 742 4276 de
757 4225 822 4288 dire,
843 4212 1028 4279 il'semblerait
1046 4240 1097 4290 que
1116 4226 1139 4283 la
1160 4220 1252 4284 nutrire

135 4312 261 4362 trumuine
271 4326 300 4363 se
310 4310 465 4362 souleverait
476 4315 565 4360 contre
578 4309 602 4359 le
613 4311 817 4373 gouveruement
827 4306 986 4371 despotique.
998 4322 1012 4355 ι
1022 4305 1064 4368 (V,
1078 4305 1140 4368 ιιι
1243 4308 1247 4342 :
