2790 4950
612 359 651 372 -
669 325 709 389 51
731 359 771 377 ..

125 458 279 528 tuntum
289 455 440 528 'casibus
455 457 682 546 occurrit,'eo
691 464 814 530 tamen
826 464 1048 529 monstratur
1060 462 1249 549 quantum,

129 593 178 643 ex
195 572 418 657 Secundato,
435 573 556 645 valeat
571 574 744 667 principis
761 574 969 646 auctoritas.

175 689 300 760 Facile
312 689 499 780 intelliges
510 690 607 762 unde
620 691 690 762 hoc
706 692 848 762 venerit
863 692 893 761 si
905 690 1011 762 modo
1023 691 1251 784 perspexeris

127 826 204 898 quo
223 826 336 876 seusu
354 805 585 876 Secundatus
611 807 744 879 dixerit
767 808 874 898 leges
894 807 1071 879 humanas
1090 828 1111 878 e
1133 828 1251 877 rerum

130 920 410 1012 ustura-seque
439 921 630 994 Sententia
653 924 750 993 enim
781 944 846 1015 per
875 944 924 1024 se·
944 922 1114 1013 ambigua
1138 928 1196 993 est
1214 928 1253 996 et·

130 1036 318 1131 duplicem
325 1038 670 1131 interpretationem
689 1039 838 1133 patitur.
856 1041 934 1109 Aut
953 1039 1058 1129 leges
1081 1059 1249 1122 ererum,

130 1152 168 1225 id
183 1159 247 1225 cst
261 1174 285 1225 e·
296 1154 515 1247 societatum
528 1161 659 1227 natura
680 1156 885 1226 necessario
905 1156 1070 1226 oriuntur
1088 1161 1132 1226 ut
1147 1154 1252 1226 effec-

130 1274 195 1340 tus
216 1289 238 1340 e
260 1271 372 1367 cause
390 1282 482 1363 quae
499 1293 583 1341 eum
598 1271 828 1362 gignittant
842 1270 960 1341 media
980 1271 1154 1362 quaedam
1173 1276 1252 1339 tan-

128 1384 324 1458 tummodo
350 1394 438 1458 sunt
462 1409 554 1479 quae
580 1388 768 1459 societatis
791 1394 922 1459 natura
941 1386 1091 1478 requirit
1110 1393 1153 1455 ut
1174 1386 1253 1477 ipsa

130 1501 363 1603 absolvens
376 1485 423 1572 'id
454 1504 585 1574 estad
618 1504 729 1576 finem
756 1525 861 1573 suum
886 1503 1090 1596 perveniat3
1122 1501 1252 1593 quibus

131 1624 261 1691 tamen
274 1638 411 1698 ,carere
420 1624 556 1712 potest.
574 1621 666 1691 Aliis
685 1620 819 1704 verbis,
837 1625 960 1690 utrum
974 1617 1252 1712 intelligendum

128 1740 195 1806 'est
207 1734 397 1807 societatis
411 1741 547 1806 statum
562 1736 690 1827 legum
705 1757 853 1806 causam
869 1735 1086 1806 efficientem
1100 1754 1194 1820 esse,
1207 1754 1253 1802 an

135 1848 347 1947 earumdem
359 1871 506 1921 cansam
518 1852 768 1922 tantummodo
779 1851 945 1921 finalem?
958 1849 1252 1921 Priorem-autem

131 1958 302 2037 ‘sensum‘
320 1987 367 2036 ne
394 1967 572 2059 suspicari
587 1966 732 2059 quidem
752 1967 897 2038 videtur
913 1966 1153 2037 Secundatus.
1170 1964 1253 2035 Non

131 2080 226 2154 dicit
240 2083 486 2176 eir-paucitate
511 2083 659 2167 civium,
682 2083 905 2155 ineluctabili
927 2081 1080 2175 quadam
1095 2081 1254 2154 necessi-

135 2201 227 2282 tate,
237 2197 490 2270 Democratiae
503 2199 609 2291 leges
622 2199 724 2270 nasci
735 2206 907 2291 tanquam
920 2199 1073 2270 calorem
1089 2220 1137 2268 ex·
1149 2198 1250 2291 igne,

132 2309 201 2387 sed
220 2316 283 2386 eas
301 2315 398 2386 solas
412 2337 493 2386 esse
510 2315 641 2408 quibus
656 2316 847 2406 frugalitas
863 2321 902 2386 et
918 2314 1076 2386 omnium
1102 2315 1254 2406 aequali·

129 2434 205 2516 tas,
223 2433 315 2523 quae
330 2429 370 2500 in
381 2431 587 2523 hujusmodi
597 2431 782 2503 societatis
795 2438 925 2502 natura
940 2438 1009 2520 est,
1023 2431 1069 2502 ad
1085 2431 1254 2503 effectum

133 2545 270 2618 adduci
283 2552 415 2641 queat
428 2546 600 2619 Ceterum
618 2569 691 2619 non
706 2548 787 2618 ideo
804 2548 908 2639 leges
927 2569 973 2618 ex
988 2547 1134 2619 libidine
1149 2547 1254 2619 fabri·

133 2643 400 2757 caripossunt}
415 2686 512 2748 nam,
537 2664 633 2735 datis
660 2663 873 2756 quibusdam
894 2664 1018 2757 populi
1042 2664 1254 2735 conditioni·

132 2771 220 2862 bus,¹
250 2777 374 2848 unum
390 2779 517 2870 legum
544 2801 676 2872 corpus
704 2785 762 2849 est
787 2779 881 2871 quod
906 2781 939 2851 ei
966 2780 1169 2851 conveniat·
1185 2801 1254 2851 nec

132 2896 252 2967 ullum
272 2895 370 2966 alind
392 2896 527 2989 imponi
552 2896 670 2990 possit
696 2897 776 2966 sine
802 2896 988 2967 societatis
1010 2896 1251 2989 corruptione.

132 3012 212 3084 Sed
227 3013 520 3107 ut'provideatur
531 3013 617 3106 quid
632 3013 737 3104 genti
752 3013 883 3105 cuique
898 3020 1092 3105 congruat,
1102 3034 1252 3086 neeesse

135 3135 197 3201 est
224 3128 390 3214 homines
420 3149 502 3201 esse
533 3129 595 3230 qui
614 3135 733 3200 'acuto
763 3129 912 3221 ingenio
947 3151 1067 3201 rerum
1088 3136 1252 3201 naturam

132 3249 356 3317 scrutentur
377 3250 415 3317 et
436 3262 517 3336 qno·
531 3245 633 3316 tendi
657 3244 788 3316 debeat
811 3251 849 3316 et
871 3267 942 3338 qua
964 3247 1032 3316 via·
1048 3246 1251 3338 dispiciant.

134 3360 218 3430 Hoc
233 3365 292 3431 est
306 3359 550 3452 legislatorum
568 3382 720 3445 munus;
738 3360 933 3454 nil'mirum
946 3361 1061 3454 igitur
1078 3362 1107 3431 si
1125 3362 1255 3432 Secun-

137 3476 247 3547 datus
266 3476 457 3570 primatum
476 3477 665 3569 quemdam
681 3477 751 3546 illis
769 3477 985 3549 attribuerit.
1000 3458 1117 3570 Finge
1131 3486 1256 3550 contre

135 3593 246 3684 leges
262 3601 282 3664 e
298 3593 420 3664 causis
437 3593 684 3664 efficientibus
695 3594 777 3664 oriri
793 3615 943 3686 quarum
959 3594 1069 3665 etiam
1090 3594 1255 3666 homines

135 3709 287 3802 saepius
306 3709 482 3780 inconscii
507 3714 606 3794 sunt,
623 3709 846 3800 legislatoris
868 3711 984 3782 officia
1002 3711 1078 3802 jam
1094 3712 1257 3782 minuun-

136 3833 219 3909 tur3
241 3847 326 3895 nam
348 3824 386 3895 in
416 3845 458 3897 eo
486 3831 629 3896 tantum
657 3827 862 3898 consistunt
877 3833 931 3911 ut,
950 3827 1045 3920 quod
1065 3827 1103 3897 in
1126 3829 1256 3898 ceteris

136 3929 376 4043 conscientiis
394 3939 583 4012 obscurius
603 3942 705 4033 latet,
728 3943 955 4037 manifestius
977 3945 1165 4038 exprimat.
1185 3931 1256 4016 Sed

133 4057 230 4130 nihil
259 4039 422 4128 aut-fere
448 4057 549 4128 nihil.
567 4080 702 4129 novum
733 4061 936 4151 excogitat;
965 4060 1085 4144 imm0,
1115 4060 1256 4133 etiamsi

134 4174 249 4258 absit,
263 4173 353 4244 nihil
368 4173 519 4267 impedit
532 4175 619 4267 quin
635 4176 739 4268 leges
756 4182 903 4247 exstent
919 4199 1123 4270 quanquam
1136 4178 1257 4247 minus

131 4285 326 4363 definitae.
342 4289 436 4360 Sane
450 4311 522 4360 non
536 4287 641 4362 scribi
654 4297 809 4387 possunt
825 4292 895 4363 nisi
909 4315 975 4386 per
988 4293 1254 4392 legislatorem
