2790 4950
616 322 654 333 -
673 287 715 356 pp
735 320 775 333 -

132 419 227 493 ‚tioni
263 417 355 505 adeo
390 418 561 492 confidat.
598 419 768 493 Ceterum
804 439 878 516 non
912 419 1225 511 contendimuares
1266 446 1272 458 ·

136 534 264 608 civiles
281 556 346 629 per
362 556 401 606 se
418 533 594 607 absurdae
611 554 705 606 esee.
726 532 798 606 Sed
822 533 854 604 ai
878 533 1056 628 quaedam
1078 532 1227 628 logicam

135 650 180 731 iie
195 650 298 736 latet,
316 651 387 722 alia
415 657 473 724 est
496 657 605 744 atque
634 648 697 737 illa
720 670 828 744 quam
851 649 890 719 in
911 648 1124 725 deducendo
1139 651 1229 736 obaer-

134 784 284 854 ‚vamum
313 788 397 854 nont
412 767 576 841 eamdem
604 765 875 860 simplicitatem
902 764 1028 852 habet3
1056 766 1142 857 quin
1164 767 1229 840 alias

132 882 240 976 leges
263 883 354 969 sorte
381 883 557 976 sequitur.
585 881 712 976 Itaque
735 901 889 955 necesse
911 888 970 955 eat
996 903 1078 956 eam
1100 904 1120 957 e
1146 882 1231 958 rebus
1290 960 1292 983 Ι

134 998 458 1094 ipsiaediecamua.
498 1078 499 1083 ,
577 1083 580 1087 .
1288 1080 1291 1086 ,

179 1114 279 1188 Haec
306 1122 428 1187 autem
455 1114 616 1187 conlusio
634 1115 677 1185 ab
704 1113 778 1186 alia
799 1134 911 1186 cauea
940 1133 1085 1210 quoque
1106 1116 1232 1211 pandet.

137 1231 329 1303 Societatis
348 1232 466 1325 lagae,
484 1238 528 1303 ut
553 1232 723 1317 vidimuS,
751 1232 877 1304 violari
900 1227 1077 1327 possunt3
1103 1229 1236 1328 ergoex

136 1349 213 1420 sola
244 1370 362 1421 rerum
396 1348 647 1420 observatione
687 1354 795 1441 atque
835 1349 945 1421 etiam
982 1353 1235 1446 comparatione

134 1465 309 1537 constitui
327 1471 526 1558 nequeunt.
549 1463 653 1548 Quod
669 1471 739 1551 eat,
757 1486 830 1536 non
850 1467 1059 1539 necessario
1076 1469 1236 1541 rationale

133 1587 212 1667 est3
229 1582 334 1673 leges
349 1586 471 1653 autem
496 1579 585 1652 nihil
614 1579 751 1664 habent
777 1580 873 1675 quod
898 1559 972 1654 'non
991 1584 1168 1680 rationale
1190 1588 1238 1660 eit.

133 1692 261 1790 Itaque
284 1696 441 1770 etiamsi
473 1696 609 1790 aliquid
643 1695 795 1768 historia
832 1700 1144 1790 comprobaveris,
1177 1725 1240 1787 non

134 1813 277 1887 omnino
294 1821 418 1886 certus
434 1814 505 1891 eris
522 1814 559 1886 id
575 1835 702 1886 verum
718 1835 817 1887 osea:
833 1815 927 1887 Sunt
938 1816 1029 1888 vitia
1044 1839 1138 1911 quae
1157 1819 1244 1915 apud

133 1952 260 2004 omncs
282 1929 445 2024 ejusdem
465 1931 613 2022 generis
632 1936 766 2023 gentes
789 1937 996 2004 occurrunt.
1022 1933 1124 2028 Ergo
1142 1957 1245 2011 exeo

129 2043 228 2137 ,quod
255 2047 354 2142 apud
378 2049 473 2118 istas
500 2046 679 2141 reperitur
703 2047 910 2120 earumdem
923 2131 927 2137 .
941 2048 1113 2123 normalis
1141 2052 1249 2125 forma

130 2163 289 2236 ‚describi
314 2184 388 2235 non
412 2168 546 2258 potest.
570 2160 607 2236 Si
634 2184 753 2236 rerum
776 2168 907 2235 natura
929 2163 1159 2260 experientia
1181 2188 1249 2243 non

133 2278 289 2352 fideliter
310 2276 603 2374 deprehenditur,
621 2297 700 2350 non
720 2299 768 2350 ex
790 2279 868 2375 ecla
884 2283 1117 2376 experientia.
1133 2283 1251 2358 diacea

132 2417 228 2488 quae
243 2418 288 2468 ex
305 2417 348 2468 ea
362 2402 493 2467 natura
507 2400 721 2489 sequuntur.
735 2394 844 2466 Nulla
855 2395 969 2489 igitur
981 2397 1051 2470 alia
1061 2399 1124 2471 via
1138 2407 1253 2474 restat

135 2532 241 2607 quam
257 2520 300 2585 ut
315 2513 409 2584 hano
425 2509 542 2606 ipsam
561 2510 758 2584 essentiam
772 2533 1020 2607 assequamur,
1036 2515 1254 2590 definiamus

133 2637 242 2724 atque
274 2652 322 2702 ex
351 2650 395 2702 ea
419 2628 629 2700 definitione
659 2627 696 2698 id
720 2628 815 2722 quod
837 2629 992 2702 involvit
1012 2630 1253 2707 deducamus.

133 2747 188 2820 Ne
208 2742 405 2820 concludas
428 2751 550 2818 autom
570 2745 861 2818 observationem
880 2746 961 2820 ideo
982 2749 1163 2841 inutilem,
1191 2752 1256 2825 aed

131 2864 362 2957 aliquatenus
379 2864 588 2957 suspectam
603 2859 807 2953 habendam
823 2885 905 2935 ecee
925 2865 1097 2957 quamdiu
1119 2865 1258 2940 deduc·

133 2983 232 3055 tione
257 3001 332 3052 non
359 2980 570 3051 confirmata
597 2978 803 3065 estetsi
829 2980 933 3052 forte.
947 2983 1150 3055 confirmari
1181 3007 1257 3060 non

133 3098 263 3192 possit
281 3094 525 3189 rejiciendam.
539 3091 653 3167 Vides
668 3114 776 3188 quam
789 3087 1035 3169 neceesarium
1048 3099 1100 3171 ait
1113 3098 1153 3171 in
1165 3101 1258 3196 poli·

133 3215 207 3286 tica
222 3211 540 3304 scientiaaignum
559 3217 700 3284 certum
714 3211 753 3283 in
767 3213 875 3285 robus
893 3213 983 3308 ipsis
998 3214 1165 3290 invenire
1183 3241 1257 3312 quo

132 3331 278 3404 morbus
306 3335 345 3402 et
370 3328 465 3400 bona
489 3323 660 3402 valetudo
688 3335 935 3402 secernantur.
963 3328 1016 3403 Eo
1046 3332 1144 3404 eninr
1166 3335 1258 3408 defi·

134 3449 267 3536 ciente,
285 3447 332 3519 ad
352 3440 606 3519 deductionem
622 3447 828 3521 necessario
852 3447 1061 3542 confugitur
1081 3455 1121 3524 et
1143 3451 1258 3526 simul

132 3566 275 3639 aretur
290 3562 482 3637 receditur.

531 3756 844 3884 ⁸11·

178 4026 263 4105 Sira
297 4032 419 4103 antem
456 4020 674 4102 deductione
711 4045 778 4103 eeu
812 4025 1022 4106 inductione
1049 4037 1248 4128 procedat.

134 4150 298 4242 regulam
328 4146 518 4242 quamdam
550 4146 709 4218 methodi
743 4148 907 4244 sequitur
940 4171 1032 4243 quac
1062 4154 1248 4257 praesenti

135 4264 307 4340 scientiae
324 4259 514 4338 retinenda
532 4264 601 4336 eet.
