2790 4950
717 278 879 359 -ssa

243 411 343 499 nulla
358 434 512 530 uutua'ua
525 411 668 530 tantum
685 413 906 530 commercia
912 430 1008 502 inter
1018 434 1084 502 'eos
1102 416 1263 503 existere
1279 419 1348 525 pos·

239 545 326 630 sint,
346 567 470 648 eorum
485 546 587 646 eopia
599 547 733 618 nullius
749 546 902 619 effectus
920 528 1011 650 est]
1149 556 1170 598 ·‘
1285 534 1286 537 ’
1381 530 1385 541 ’

242 927 247 938 .
271 865 469 954 Ceterum,
492 873 635 962 praeter
655 868 750 942 h'anc
765 874 933 961 ‘causam
958 870 1082 963 plures
1098 869 1199 945 alias
1225 871 1345 942 Secun-

239 982 348 1085 datus
373 984 587 1079 additfquac
602 982 678 1079 'per
702 1007 742 1058 se
765 985 928 1080 nonnihil
944 987 1072 1059 ualent
1093 985 1140 1060 ad
1155 987 1343 1061 societates

215 1099 528 1195 ·.constitu'endas.
542 1101 617 1174 Eae
630 1107 717 1174 sunt
734 1101 777 1175 de
792 1102 922 1197 quibus
933 1102 1154 1197 interpretes
1166 1106 1342 1199 praecipue

239 1215 510 1291 disseruerunt.¹
522 1217 582 1288 Sic
601 1223 739 1290 natura
754 1218 835 1308 soli,
856 1219 888 1290 si
903 1218 942 1290 in
965 1218 1080 1292 uastis
1103 1218 1342 1314 continuisque

240 1333 374 1426 campis
391 1333 571 1424 consistit,
589 1334 802 1427 Tyrannidis
818 1334 1037 1407 institutioni
1051 1335 1157 1435 favet
1168 1342 1342 1429 propterea

228 1450 485 1542 'quodssmagna
499 1450 649 1544 im'p'eria
664 1451 713 1522 ibi
728 1451 870 1523 facilius
887 1463 968 1524 sese
980 1457 1138 1545 possunt
1149 1452 1340 1527 extendere.

237 1565 412 1643 Montana
434 1574 560 1640 contra
575 1573 646 1639 ‘aut
665 1567 1009 1640 insulae'libertatis
1033 1588 1144 1642 arces>
1161 1575 1251 1641 sunt
1276 1572 1343 1662 quia

238 1682 410 1778 principis
433 1685 628 1762 auctoritas
645 1683 834 1757 ¹montibus
856 1691 920 1757 aut
943 1705 1075 1757 oceano
1089 1684 1206 1777 =quasi
1225 1685 1343 1776 frangi·

238 1806 300 1876 tur
310 1800 417 1896 (¹):2N
419 1801 586 1873 cnmodo
603 1808 720 1874 terrae
735 1803 860 1887 forma,
878 1801 943 1873 sed
959 1801 1073 1894 ipsius
1087 1802 1344 1882 -natura'cons'r
1382 1874 1385 1887 ,

225 1916 396 2015 ¹‹leranda
419 1924 487 1990 est.
502 1918 695 2002 Quaedam
718 1919 903 2004 sterilitas,
928 1930 1012 1992 curn¹
1037 1917 1177 2014 animos
1196 1921 1242 1990 ad
1259 1919 1345 1990 ‘labo

238 2041 320 2105 rem'
336 2040 373 2105 et
392 2034 832 2130 frugalitatem'impellet,
855 2034 1085 2128 Reipublicae
1104 2035 1204 2105 uiam
1224 2036 1343 2130 aperit

237 2148 404 2221 fertilitas
422 2156 566 2239 contra,
591 2172 682 2244 quae
698 2149 914 2223 'diuitiarum
937 2161 1095 2222 amorem
1123 2149 1345 2245 priuataeque

237 2263 405 2338 utilitatis
432 2273 556 2360 euram
571 2267 731 2356 ‘excitat
754 2265 1055 2357 Mauretaniae&
1081 2266 1224 2348 sivero
1249 2267 1348 2339 nimia

238 2385 307 2464 e's't,
334 2380 513 2472 gentium
530 2382 737 2454 inferiorum
759 2381 1008 2457 Democratiae
1021 2383 1083 2474 (ils
1103 2382 1199 2463 Nam
1226 2389 1347 2466 terrae,

227 2507 320 2572 ‘uum
341 2504 469 2592 sponte
482 2499 629 2570 vfructus
645 2499 773 2584 edant,
798 2521 871 2572 non
893 2497 1239 2592 colunturideoquo
1262 2501 1350 2572 inter

236 2613 437 2686 ciue's'non
463 2615 683 2687 diuiduntur.
713 2613 887 2709 Denique
909 2615 999 2689 caeli
1026 2615 1128 2687 calor·
1154 2618 1296 2689 animos
1317 2622 1351 2688 et

236 2753 385 2825 corpora
407 2731 589 2804 effeminat
612 2731 850 2825 hominesque
873 2731 918 2801 ad
943 2733 1158 2807 seruitutem
1180 2732 1312 2824 cogit(
1327 2735 1349 2822 ).

239 2861 260 2919 ,ζ
280 2849 335 2919 Ex
350 2848 479 2920 iisdem
493 2861 580 2919 uero
600 2848 720 2920 causis
737 2868 810 2919 uon
823 2848 934 2919 modo
951 2854 1092 2922 natura
1104 2846 1297 2921 societatis
1318 2855 1352 2920 et

235 2965 320 3055 inde
349 2969 468 3037 totum
493 2964 555 3055 jus
583 2962 789 3036 summatim
816 2983 882 3056 pro
912 2969 1014 3057 parte
1041 2961 1191 3057 pendet,
1220 2963 1289 3037 sed
1319 2971 1353 3034 et

234 3079 436 3174 peculiares
452 3078 628 3171 quaedam
644 3078 749 3170 leges
765 3079 858 3151 tales
871 3078 1082 3150 efficiuntur
1104 3077 1232 3171 quales
1254 3086 1352 3150 sunt.

236 3196 295 3266 Sic
315 3195 449 3292 nimius
468 3194 558 3267 caeli
581 3195 688 3265 ardor
700 3206 887 3267 seruorum
904 3193 949 3265 ad
968 3194 1129 3288 priuatos
1145 3216 1237 3266 usus
1254 3195 1354 3266 insti·

224 3312 410 3384 ‘tutionem
423 3312 464 3403 (⁵)
481 3318 519 3384 'et
534 3313 594 3402 jus
609 3314 732 3403 plures
743 3312 900 3385 ¹feminas
919 3310 1075 3382 habendi
1087 3310 1129 3403 (θ)
1148 3312 1353 3406 multosque

234 3425 452 3501 domesticos
473 3446 591 3498 mores
602 3425 644 3517 (⁷)
670 3428 836 3499 suscitat.
857 3425 1064 3497 Praeterea·
1078 3428 1212 3499 mentis
1230 3447 1354 3519 corpo-

233 3541 679 3635 uisque-segnities‚··quae
700 3541 784 3618 inde
804 3542 978 3635 sequitur,
1006 3542 1123 3635 leges,
1146 3542 1352 3634 religiones,

250 3799 599 3876 mmmfflffls

235 3871 243 3908 -“
261 3885 293 3948 (·)
308 3880 496 3947 xvnureua.
541 3883 551 3913 ³

261 3965 293 4026 (θ)
308 3964 399 4034 ΧἿΙΠ,
409 3963 426 4014 9
437 3969 463 4016 et
472 3978 512 4036 sq.

235 4051 241 4064 ’
261 4045 292 4106 (⁴)
307 4042 386 4105 xuu,
397 4042 422 4092 a.
607 4042 610 4046 “

260 4123 290 4186 (⁸)
304 4123 360 4198 bxv,
374 4122 399 4174 u.

237 4190 409 4266 fouxuuju.
437 4196 440 4203 ·

261 4284 291 4348 (⁷)
308 4282 424 4346 XVLtO.
