2790 4950
184 866 268 939 Non
285 867 400 939 omnis
417 872 541 939 autem
554 866 705 940 materia
719 866 892 939 scientiae
909 873 994 960 apta
1009 873 1080 941 est.

186 982 368 1055 scientiae
395 981 550 1075 primum
577 1003 668 1076 opus
696 989 760 1060 est,
784 1004 859 1066 res,
886 982 931 1055 de
958 982 1091 1077 quibus
1124 985 1259 1075 agitur,

142 1100 267 1192 quales
284 1099 359 1170 sint
374 1098 589 1171 describere.
608 1099 648 1169 Si
663 1119 750 1172 vero
763 1098 853 1171 adeo
868 1099 964 1171 inter
979 1099 1209 1172 sedifferunt
1222 1105 1262 1170 ut

139 1216 279 1287 nullum
291 1236 417 1307 ‚genus
431 1215 669 1301 constituant,
682 1216 784 1288 nulla
799 1236 923 1287 earum
943 1215 1141 1309 descriptio
1155 1218 1261 1289 ratio

139 1342 213 1412 nali
242 1341 302 1411 via
327 1341 461 1413 tentari
488 1346 621 1434 queat..
636 1340 811 1432 Singulae
834 1340 930 1413 enim
952 1361 998 1412 ex
1030 1361 1084 1426 se,
1114 1341 1261 1415 omissis

140 1458 230 1543 aliis,
250 1456 468 1529 considerari
482 1477 524 1528 ac
544 1457 685 1529 definiri
700 1457 868 1529 debcant.
885 1458 937 1530 At
956 1456 1052 1531 omni
1068 1456 1260 1531 individuo

138 1574 269 1647 insitae
308 1579 394 1645 sunt
424 1573 586 1646 infinitae
622 1573 864 1668 proprietates
905 1573 1003 1646 inter
1037 1595 1130 1665 quas
1160 1574 1263 1645 nulla

1 1738 4 1752 .
139 1690 288 1765 selectio
315 1691 394 1760 fieri
428 1689 571 1783 possit:
591 1689 744 1761 describi
767 1696 890 1762 autem
908 1688 1091 1762 infinitum
1115 1691 1258 1783 nequit.

138 1805 237 1877 Nihil
253 1806 350 1875 aliud
364 1806 480 1898 igitur
495 1807 673 1898 reliquum
690 1812 790 1878 esset
806 1805 876 1876 nisi
898 1811 939 1876 ut
957 1813 1148 1900 poetarum
1161 1808 1261 1881 litte·

137 1928 368 2015 natorumque
390 1943 487 1993 more
504 1927 708 1993 tractentur
722 1921 784 2013 qui
801 1943 874 2007 res,
892 1922 1018 2012 quales
1035 1943 1118 1996 esse
1133 1924 1259 1995 viden-

138 2044 210 2123 tur,
232 2039 310 2110 sine
329 2038 405 2108 ulla
421 2039 563 2110 ratione
583 2044 621 2110 et
636 2037 805 2110 methodo
822 2038 1040 2131 depingunt.
1057 2038 1210 2126 Contra,
1229 2041 1259 2110 si

137 2155 175 2224 in
205 2176 343 2246 genera
373 2154 492 2245 redigi
523 2159 691 2247 possunt,
720 2154 856 2246 aliquid
883 2153 1019 2228 habent
1043 2155 1140 2246 quod
1161 2177 1258 2229 ¹vere

88 2299 90 2303 ¹
138 2270 285 2342 definire
303 2270 413 2343 liceat
428 2276 537 2363 atque
557 2269 626 2341 hoc
642 2274 699 2342 est
715 2270 811 2362 quod
828 2292 952 2342 eorum
969 2277 1137 2344 naturam
1156 2293 1259 2345 cons

136 2387 247 2457 tituit.
265 2386 404 2479 Nempe
422 2408 513 2479 quae
532 2386 697 2458 omnibus
713 2386 908 2459 individuis
924 2387 1088 2480 ejusdcm
1107 2390 1259 2480 generis

137 2503 340 2575 communia
354 2511 556 2588 versantur,
570 2503 673 2574 finita
690 2509 776 2574 sunt
790 2502 1047 2576 eteorumdem
1058 2505 1259 2577 essentiam

137 2618 320 2692 declarent
337 2642 345 2688 :
365 2618 454 2691 satis
469 2625 527 2692 est
542 2618 657 2712 igitur
673 2618 742 2690 alia
758 2619 839 2691 aliis
861 2641 1104 2715 superponere
1126 2627 1166 2695 et
1186 2644 1260 2715 qua

138 2738 345 2824 congruant
369 2736 508 2804 notare.
532 2729 614 2805 Uno
636 2734 761 2818 verbo,
787 2731 941 2805 scientia
958 2755 1033 2807 non
1053 2733 1257 2821 individua,

138 2849 203 2922 sed
218 2870 357 2942 genera
368 2854 511 2921 tantum
529 2847 711 2921 describit.
726 2848 853 2942 Itaque
868 2850 963 2943 prior
981 2851 1155 2923 scientiae
1169 2874 1258 2948 pars

136 2966 277 3039 nullum
293 2966 332 3037 in
347 2965 501 3038 Politice
516 2966 636 3039 locum
651 2965 811 3051 habebit,
827 2966 898 3037 nisi
915 2969 1110 3040 societates
1129 2967 1258 3042 huma-

135 3103 204 3155 nae
231 3082 446 3156 divisionem
465 3082 564 3154 illam
585 3102 650 3175 per
671 3104 809 3174 genera
826 3104 867 3156 ac
888 3084 1031 3176 species
1055 3085 1255 3177 patiantur.

179 3197 397 3270 Aristoteles
414 3195 558 3288 quidem
577 3196 851 3283 aristocratiam‚
873 3196 1118 3269 monarchiam
1143 3205 1257 3292 atque

135 3321 277 3385 πολιτείαν
299 3312 513 3404 jamdudum
545 3310 772 3386 distinxerat.
810 3313 868 3387 No
899 3313 1099 3386 confundas
1130 3320 1257 3388 autem

135 3432 351 3504 societatum
379 3428 520 3523 spedas
548 3450 590 3501 ac
618 3429 737 3501 vanas
762 3429 980 3524 reipublicae
1002 3432 1148 3503 formas.
1170 3429 1255 3505 Duo

135 3547 231 3620 enim
245 3546 369 3641 populi
385 3545 611 3619 diversorum
627 3568 807 3639 generum
823 3569 904 3622 esse
920 3556 1089 3642 possunt,
1108 3549 1255 3623 etiamsi

135 3662 261 3734 eodem
290 3661 396 3735 modo
423 3661 686 3754 gubernentur.
712 3662 773 3735 Sic
798 3662 975 3757 quaedam
996 3665 1108 3750 πόλεις,
1130 3664 1169 3735 id
1192 3671 1254 3739 est

134 3799 289 3872 graecae
326 3778 516 3864 civitates,
557 3783 595 3850 ct
629 3779 822 3873 pleraeque
856 3779 1088 3854 barbarorum
1117 3787 1254 3873 gentes

132 3895 360 3968 monarchiae
376 3916 509 3968 nomen
527 3916 642 3988 aeque
657 3903 851 3969 merentur.
864 3904 902 3971 et
925 3898 968 3972 ab
997 3898 1197 3973 Aristotele
1211 3901 1256 3991 (¹)

133 4019 352 4106 acceperunt
372 4018 563 4109 propterea
583 4013 678 4105 quod
701 4013 767 4084 sub
785 4014 934 4105 regibus
955 4021 1132 4110 utraeque
1151 4015 1256 4089 vive·

162 4261 192 4330 (¹)
208 4262 264 4320 utar
277 4270 399 4333 βασιλεῖαι
411 4272 457 4318 τῶν
469 4264 605 4333 βαρὸὰρων.
619 4264 700 4330 (Pet,
713 4266 759 4332 111,
771 4267 812 4332 ΙΙ,
823 4265 885 4320 1285
896 4283 923 4332 a,
936 4268 987 4333 ΙΙ.)
