<?xml version="1.0" encoding="UTF-8"?>
<!DOCTYPE html PUBLIC "-//W3C//DTD XHTML 1.0 Transitional//EN"
    "http://www.w3.org/TR/xhtml1/DTD/xhtml1-transitional.dtd">
<html xmlns="http://www.w3.org/1999/xhtml" xml:lang="en" lang="en">
 <head>
  <title>
</title>
<meta http-equiv="Content-Type" content="text/html;charset=utf-8" />
  <meta name='ocr-system' content='tesseract 3.04.00' />
  <meta name='ocr-capabilities' content='ocr_page ocr_carea ocr_par ocr_line ocrx_word'/>
</head>
<body>
  <div class='ocr_page' id='page_1' title='image "./quidsecundatusp01durkgoog_0025.png"; bbox 0 0 2790 4950; ppageno 0'>
   <div class='ocr_carea' id='block_1_1' title="bbox 552 304 709 374">
    <p class='ocr_par' dir='ltr' id='par_1_1' title="bbox 552 304 709 374">
     <span class='ocr_line' id='line_1_1' title="bbox 552 304 709 374; baseline -0.057 0"><span class='ocrx_word' id='word_1_1' title='bbox 552 304 709 374; x_wconf 64' lang='lat'><strong>1-19—</strong></span> 
     </span>
    </p>
   </div>
   <div class='ocr_carea' id='block_1_2' title="bbox 15 437 1326 4384">
    <p class='ocr_par' dir='ltr' id='par_1_2' title="bbox 15 437 1326 4384">
     <span class='ocr_line' id='line_1_2' title="bbox 74 437 1194 531; baseline 0 -23"><span class='ocrx_word' id='word_1_2' title='bbox 74 460 170 525; x_wconf 87' lang='lat' dir='ltr'>mam</span> <span class='ocrx_word' id='word_1_3' title='bbox 187 437 426 524; x_wconf 81' lang='lat' dir='ltr'>attribuimus,</span> <span class='ocrx_word' id='word_1_4' title='bbox 446 438 611 530; x_wconf 81' lang='lat' dir='ltr'>quamvis</span> <span class='ocrx_word' id='word_1_5' title='bbox 625 458 705 509; x_wconf 91' lang='lat' dir='ltr'>eam</span> <span class='ocrx_word' id='word_1_6' title='bbox 723 458 769 510; x_wconf 85' lang='lat' dir='ltr'>ex</span> <span class='ocrx_word' id='word_1_7' title='bbox 788 437 867 507; x_wconf 92' lang='lat' dir='ltr'>aliis</span> <span class='ocrx_word' id='word_1_8' title='bbox 885 438 1086 531; x_wconf 79' lang='lat' dir='ltr'>accipiant:</span> <span class='ocrx_word' id='word_1_9' title='bbox 1107 458 1194 508; x_wconf 91' lang='lat' dir='ltr'>nam</span> 
     </span>
     <span class='ocr_line' id='line_1_3' title="bbox 74 553 1194 646; baseline -0.002 -20"><span class='ocrx_word' id='word_1_10' title='bbox 74 559 225 626; x_wconf 88' lang='lat' dir='ltr'>naturae</span> <span class='ocrx_word' id='word_1_11' title='bbox 241 559 525 625; x_wconf 89' lang='lat' dir='ltr'>consentaneum</span> <span class='ocrx_word' id='word_1_12' title='bbox 541 561 602 624; x_wconf 75' lang='lat' dir='ltr'>est·</span> <span class='ocrx_word' id='word_1_13' title='bbox 614 575 668 645; x_wconf 86' lang='lat' dir='ltr'>ea,</span> <span class='ocrx_word' id='word_1_14' title='bbox 687 575 777 646; x_wconf 91' lang='lat' dir='ltr'>quae</span> <span class='ocrx_word' id='word_1_15' title='bbox 800 553 1000 625; x_wconf 90' lang='lat' dir='ltr'>secundum</span> <span class='ocrx_word' id='word_1_16' title='bbox 1019 553 1194 645; x_wconf 85' lang='lat' dir='ltr'>cognitio-</span> 
     </span>
     <span class='ocr_line' id='line_1_4' title="bbox 73 670 1193 766; baseline -0.004 -21"><span class='ocrx_word' id='word_1_17' title='bbox 73 692 159 745; x_wconf 86' lang='lat' dir='ltr'>nem</span> <span class='ocrx_word' id='word_1_18' title='bbox 174 671 292 765; x_wconf 90' lang='lat' dir='ltr'>priora</span> <span class='ocrx_word' id='word_1_19' title='bbox 309 676 407 761; x_wconf 79' lang='lat' dir='ltr'>sunt,</span> <span class='ocrx_word' id='word_1_20' title='bbox 432 693 470 743; x_wconf 89' lang='grc'>11</span> <span class='ocrx_word' id='word_1_21' title='bbox 493 691 634 766; x_wconf 89' lang='lat' dir='ltr'>quoque</span> <span class='ocrx_word' id='word_1_22' title='bbox 659 670 777 764; x_wconf 89' lang='lat' dir='ltr'>priora</span> <span class='ocrx_word' id='word_1_23' title='bbox 799 670 942 753; x_wconf 84' lang='lat' dir='ltr'>haberi..</span> <span class='ocrx_word' id='word_1_24' title='bbox 952 671 1047 755; x_wconf 6' lang='lat' dir='ltr'>Qquid</span> <span class='ocrx_word' id='word_1_25' title='bbox 1071 677 1193 746; x_wconf 83' lang='lat' dir='ltr'>autem</span> 
     </span>
     <span class='ocr_line' id='line_1_5' title="bbox 74 789 1195 881; baseline -0.002 -18"><span class='ocrx_word' id='word_1_26' title='bbox 74 791 113 863; x_wconf 93' lang='lat' dir='ltr'>in</span> <span class='ocrx_word' id='word_1_27' title='bbox 125 791 354 862; x_wconf 89' lang='lat' dir='ltr'>institutione</span> <span class='ocrx_word' id='word_1_28' title='bbox 369 791 570 874; x_wconf 86' lang='lat' dir='ltr'>civitatum,</span> <span class='ocrx_word' id='word_1_29' title='bbox 584 791 724 881; x_wconf 88' lang='lat' dir='ltr'>legum,</span> <span class='ocrx_word' id='word_1_30' title='bbox 738 789 957 881; x_wconf 78' lang='lat' dir='ltr'>religionum</span> <span class='ocrx_word' id='word_1_31' title='bbox 968 790 1195 867; x_wconf 84' lang='lat' dir='ltr'>manifestius</span> 
     </span>
     <span class='ocr_line' id='line_1_6' title="bbox 75 906 1194 1000; baseline 0.002 -24"><span class='ocrx_word' id='word_1_32' title='bbox 75 913 146 991; x_wconf 87' lang='lat' dir='ltr'>est,</span> <span class='ocrx_word' id='word_1_33' title='bbox 167 906 253 999; x_wconf 91' lang='lat' dir='ltr'>quid</span> <span class='ocrx_word' id='word_1_34' title='bbox 269 908 393 979; x_wconf 90' lang='lat' dir='ltr'>oculos</span> <span class='ocrx_word' id='word_1_35' title='bbox 415 907 535 1000; x_wconf 84' lang='lat' dir='ltr'>magis</span> <span class='ocrx_word' id='word_1_36' title='bbox 558 906 723 999; x_wconf 82' lang='lat' dir='ltr'>percellit</span> <span class='ocrx_word' id='word_1_37' title='bbox 747 927 854 998; x_wconf 93' lang='lat' dir='ltr'>quam</span> <span class='ocrx_word' id='word_1_38' title='bbox 876 928 1000 983; x_wconf 84' lang='lat' dir='ltr'>eorum</span> <span class='ocrx_word' id='word_1_39' title='bbox 1018 928 1194 999; x_wconf 81' lang='lat' dir='ltr'>personae</span> 
     </span>
     <span class='ocr_line' id='line_1_7' title="bbox 77 1023 1196 1119; baseline 0.002 -27"><span class='ocrx_word' id='word_1_40' title='bbox 77 1023 139 1119; x_wconf 90' lang='lat' dir='ltr'>qui</span> <span class='ocrx_word' id='word_1_41' title='bbox 166 1023 389 1117; x_wconf 84' lang='lat' dir='ltr'>respublicas</span> <span class='ocrx_word' id='word_1_42' title='bbox 416 1023 679 1114; x_wconf 79' lang='lat' dir='ltr'>gubernarunt,</span> <span class='ocrx_word' id='word_1_43' title='bbox 697 1024 802 1114; x_wconf 90' lang='lat' dir='ltr'>leges</span> <span class='ocrx_word' id='word_1_44' title='bbox 829 1023 1066 1118; x_wconf 86' lang='lat' dir='ltr'>scripserunt,</span> <span class='ocrx_word' id='word_1_45' title='bbox 1094 1045 1196 1097; x_wconf 86' lang='lat' dir='ltr'>sacra</span> 
     </span>
     <span class='ocr_line' id='line_1_8' title="bbox 76 1137 1197 1231; baseline -0.003 -22"><span class='ocrx_word' id='word_1_46' title='bbox 76 1137 323 1229; x_wconf 68' lang='lat' dir='ltr'>edocuerunt?</span> <span class='ocrx_word' id='word_1_47' title='bbox 340 1138 477 1230; x_wconf 86' lang='lat' dir='ltr'>ltaque¹</span> <span class='ocrx_word' id='word_1_48' title='bbox 488 1159 631 1229; x_wconf 87' lang='lat' dir='ltr'>regum,</span> <span class='ocrx_word' id='word_1_49' title='bbox 648 1137 915 1229; x_wconf 80' lang='lat' dir='ltr'>legislatorum,</span> <span class='ocrx_word' id='word_1_50' title='bbox 938 1137 1197 1231; x_wconf 91' lang='lat' dir='ltr'>prophetarum</span> 
     </span>
     <span class='ocr_line' id='line_1_9' title="bbox 77 1252 1196 1349; baseline -0.003 -23"><span class='ocrx_word' id='word_1_51' title='bbox 77 1261 142 1327; x_wconf 89' lang='lat' dir='ltr'>aut</span> <span class='ocrx_word' id='word_1_52' title='bbox 169 1253 399 1349; x_wconf 86' lang='lat' dir='ltr'>sacerdotum</span> <span class='ocrx_word' id='word_1_53' title='bbox 418 1254 559 1348; x_wconf 85' lang='lat' dir='ltr'>privata</span> <span class='ocrx_word' id='word_1_54' title='bbox 578 1254 750 1325; x_wconf 86' lang='lat' dir='ltr'>voluntas</span> <span class='ocrx_word' id='word_1_55' title='bbox 774 1254 888 1325; x_wconf 90' lang='lat' dir='ltr'>totius</span> <span class='ocrx_word' id='word_1_56' title='bbox 908 1252 1077 1347; x_wconf 89' lang='lat' dir='ltr'>politicae</span> <span class='ocrx_word' id='word_1_57' title='bbox 1099 1253 1196 1324; x_wconf 85' lang='lat' dir='ltr'>vitae</span> 
     </span>
     <span class='ocr_line' id='line_1_10' title="bbox 75 1368 1198 1472; baseline -0.001 -32"><span class='ocrx_word' id='word_1_58' title='bbox 75 1370 158 1442; x_wconf 86' lang='lat' dir='ltr'>fons</span> <span class='ocrx_word' id='word_1_59' title='bbox 189 1369 454 1472; x_wconf 84' lang='lat' dir='ltr'>videturesse.</span> <span class='ocrx_word' id='word_1_60' title='bbox 484 1369 585 1442; x_wconf 91' lang='lat' dir='ltr'>Haec</span> <span class='ocrx_word' id='word_1_61' title='bbox 614 1369 773 1442; x_wconf 86' lang='lat' dir='ltr'>enimin</span> <span class='ocrx_word' id='word_1_62' title='bbox 806 1376 1005 1463; x_wconf 86' lang='lat' dir='ltr'>conspectu</span> <span class='ocrx_word' id='word_1_63' title='bbox 1038 1368 1198 1440; x_wconf 90' lang='lat' dir='ltr'>omnium</span> 
     </span>
     <span class='ocr_line' id='line_1_11' title="bbox 76 1485 1248 1577; baseline -0.002 -20"><span class='ocrx_word' id='word_1_64' title='bbox 76 1487 172 1572; x_wconf 87' lang='lat' dir='ltr'>fiunt</span> <span class='ocrx_word' id='word_1_65' title='bbox 196 1509 272 1562; x_wconf 86' lang='lat' dir='ltr'>neo</span> <span class='ocrx_word' id='word_1_66' title='bbox 302 1488 413 1559; x_wconf 91' lang='lat' dir='ltr'>ullam</span> <span class='ocrx_word' id='word_1_67' title='bbox 440 1486 699 1560; x_wconf 86' lang='lat' dir='ltr'>obscuritatem</span> <span class='ocrx_word' id='word_1_68' title='bbox 727 1487 765 1557; x_wconf 92' lang='lat' dir='ltr'>in</span> <span class='ocrx_word' id='word_1_69' title='bbox 793 1509 832 1562; x_wconf 89' lang='lat' dir='ltr'>se</span> <span class='ocrx_word' id='word_1_70' title='bbox 864 1486 1010 1557; x_wconf 91' lang='lat' dir='ltr'>habent.</span> <span class='ocrx_word' id='word_1_71' title='bbox 1045 1485 1199 1577; x_wconf 86' lang='lat' dir='ltr'>Reliqua</span> <span class='ocrx_word' id='word_1_72' title='bbox 1247 1485 1248 1488; x_wconf 71' lang='grc'>’</span> 
     </span>
     <span class='ocr_line' id='line_1_12' title="bbox 78 1603 1197 1697; baseline -0.007 -17"><span class='ocrx_word' id='word_1_73' title='bbox 78 1609 217 1690; x_wconf 87' lang='lat' dir='ltr'>eontra,</span> <span class='ocrx_word' id='word_1_74' title='bbox 253 1626 367 1697; x_wconf 91' lang='lat' dir='ltr'>quum</span> <span class='ocrx_word' id='word_1_75' title='bbox 398 1604 437 1676; x_wconf 91' lang='lat' dir='ltr'>in</span> <span class='ocrx_word' id='word_1_76' title='bbox 458 1671 460 1675; x_wconf 86' lang='lat'>.</span> <span class='ocrx_word' id='word_1_77' title='bbox 479 1604 629 1676; x_wconf 86' lang='lat' dir='ltr'>secretis</span> <span class='ocrx_word' id='word_1_78' title='bbox 661 1607 826 1697; x_wconf 91' lang='lat' dir='ltr'>corporis</span> <span class='ocrx_word' id='word_1_79' title='bbox 859 1603 997 1696; x_wconf 88' lang='lat' dir='ltr'>politici</span> <span class='ocrx_word' id='word_1_80' title='bbox 1031 1603 1197 1697; x_wconf 86' lang='lat' dir='ltr'>partibus</span> 
     </span>
     <span class='ocr_line' id='line_1_13' title="bbox 77 1717 1200 1815; baseline -0.002 -23"><span class='ocrx_word' id='word_1_81' title='bbox 77 1720 230 1807; x_wconf 88' lang='lat' dir='ltr'>lateant,</span> <span class='ocrx_word' id='word_1_82' title='bbox 245 1743 320 1792; x_wconf 94' lang='lat' dir='ltr'>non</span> <span class='ocrx_word' id='word_1_83' title='bbox 339 1721 442 1794; x_wconf 81' lang='lat' dir='ltr'>facile</span> <span class='ocrx_word' id='word_1_84' title='bbox 460 1721 621 1815; x_wconf 87' lang='lat' dir='ltr'>conspici</span> <span class='ocrx_word' id='word_1_85' title='bbox 639 1726 805 1815; x_wconf 88' lang='lat' dir='ltr'>possunt.</span> <span class='ocrx_word' id='word_1_86' title='bbox 825 1718 913 1791; x_wconf 92' lang='lat' dir='ltr'>Inde</span> <span class='ocrx_word' id='word_1_87' title='bbox 934 1725 1020 1791; x_wconf 89' lang='lat' dir='ltr'>nata</span> <span class='ocrx_word' id='word_1_88' title='bbox 1036 1725 1094 1790; x_wconf 88' lang='lat' dir='ltr'>est</span> <span class='ocrx_word' id='word_1_89' title='bbox 1109 1717 1200 1790; x_wconf 87' lang='lat' dir='ltr'>haec</span> 
     </span>
     <span class='ocr_line' id='line_1_14' title="bbox 79 1834 1316 1933; baseline -0.002 -23"><span class='ocrx_word' id='word_1_90' title='bbox 79 1838 171 1916; x_wconf 89' lang='lat' dir='ltr'>adeo</span> <span class='ocrx_word' id='word_1_91' title='bbox 187 1839 341 1930; x_wconf 90' lang='lat' dir='ltr'>vulgata</span> <span class='ocrx_word' id='word_1_92' title='bbox 356 1838 566 1933; x_wconf 88' lang='lat' dir='ltr'>superstitio</span> <span class='ocrx_word' id='word_1_93' title='bbox 584 1860 631 1909; x_wconf 79' lang='lat' dir='ltr'>ex</span> <span class='ocrx_word' id='word_1_94' title='bbox 647 1859 717 1930; x_wconf 90' lang='lat' dir='ltr'>qua</span> <span class='ocrx_word' id='word_1_95' title='bbox 732 1837 923 1930; x_wconf 89' lang='lat' dir='ltr'>legislator</span> <span class='ocrx_word' id='word_1_96' title='bbox 940 1836 1042 1930; x_wconf 89' lang='lat' dir='ltr'>quasi</span> <span class='ocrx_word' id='word_1_97' title='bbox 1059 1834 1203 1907; x_wconf 89' lang='lat' dir='ltr'>infinita</span> <span class='ocrx_word' id='word_1_98' title='bbox 1305 1844 1316 1928; x_wconf 66' lang='lat' dir='ltr'><strong><em>f</em></strong></span> 
     </span>
     <span class='ocr_line' id='line_1_15' title="bbox 78 1937 1326 2049; baseline -0.002 -23"><span class='ocrx_word' id='word_1_99' title='bbox 78 1954 247 2048; x_wconf 89' lang='lat' dir='ltr'>potentia.</span> <span class='ocrx_word' id='word_1_100' title='bbox 258 1954 460 2026; x_wconf 85' lang='lat' dir='ltr'>instruatur</span> <span class='ocrx_word' id='word_1_101' title='bbox 474 1955 652 2049; x_wconf 87' lang='lat' dir='ltr'>legesque</span> <span class='ocrx_word' id='word_1_102' title='bbox 671 1956 716 2025; x_wconf 87' lang='lat' dir='ltr'>ad</span> <span class='ocrx_word' id='word_1_103' title='bbox 730 1953 873 2025; x_wconf 88' lang='lat' dir='ltr'>libitum</span> <span class='ocrx_word' id='word_1_104' title='bbox 889 1975 1025 2038; x_wconf 90' lang='lat' dir='ltr'>creare,</span> <span class='ocrx_word' id='word_1_105' title='bbox 1044 1958 1200 2038; x_wconf 76' lang='lat' dir='ltr'>mutare,</span> <span class='ocrx_word' id='word_1_106' title='bbox 1324 1937 1326 1944; x_wconf 28' lang='lat'>⁸</span> 
     </span>
     <span class='ocr_line' id='line_1_16' title="bbox 78 2056 1204 2164; baseline -0.003 -21"><span class='ocrx_word' id='word_1_107' title='bbox 78 2070 206 2144; x_wconf 92' lang='lat' dir='ltr'>tollere</span> <span class='ocrx_word' id='word_1_108' title='bbox 223 2070 356 2143; x_wconf 79' lang='lat' dir='ltr'>valeat.</span> <span class='ocrx_word' id='word_1_109' title='bbox 375 2070 588 2164; x_wconf 86' lang='lat' dir='ltr'>Quanquam</span> <span class='ocrx_word' id='word_1_110' title='bbox 602 2071 644 2141; x_wconf 88' lang='lat' dir='ltr'>ab</span> <span class='ocrx_word' id='word_1_111' title='bbox 661 2056 845 2142; x_wconf 84' lang='lat' dir='ltr'>historicis</span> <span class='ocrx_word' id='word_1_112' title='bbox 859 2069 964 2141; x_wconf 92' lang='lat' dir='ltr'>hodie</span> <span class='ocrx_word' id='word_1_113' title='bbox 982 2069 1204 2145; x_wconf 88' lang='lat' dir='ltr'>demonstra·</span> 
     </span>
     <span class='ocr_line' id='line_1_17' title="bbox 79 2186 1203 2281; baseline -0.001 -22"><span class='ocrx_word' id='word_1_114' title='bbox 79 2192 159 2259; x_wconf 89' lang='lat' dir='ltr'>tum</span> <span class='ocrx_word' id='word_1_115' title='bbox 173 2193 229 2259; x_wconf 89' lang='lat' dir='ltr'>est</span> <span class='ocrx_word' id='word_1_116' title='bbox 237 2188 297 2278; x_wconf 90' lang='lat' dir='ltr'>jus</span> <span class='ocrx_word' id='word_1_117' title='bbox 313 2210 332 2259; x_wconf 91' lang='grc'>1</span> <span class='ocrx_word' id='word_1_118' title='bbox 348 2188 520 2272; x_wconf 91' lang='lat' dir='ltr'>moribus,</span> <span class='ocrx_word' id='word_1_119' title='bbox 534 2187 572 2257; x_wconf 92' lang='lat' dir='ltr'>id</span> <span class='ocrx_word' id='word_1_120' title='bbox 589 2193 681 2261; x_wconf 88' lang='lat' dir='ltr'>este</span> <span class='ocrx_word' id='word_1_121' title='bbox 696 2188 774 2258; x_wconf 89' lang='lat' dir='ltr'>vita</span> <span class='ocrx_word' id='word_1_122' title='bbox 789 2188 881 2281; x_wconf 90' lang='lat' dir='ltr'>ipsa,</span> <span class='ocrx_word' id='word_1_123' title='bbox 895 2187 1016 2281; x_wconf 86' lang='lat' dir='ltr'>parvis</span> <span class='ocrx_word' id='word_1_124' title='bbox 1029 2186 1203 2279; x_wconf 86' lang='lat' dir='ltr'>paulatim</span> 
     </span>
     <span class='ocr_line' id='line_1_18' title="bbox 79 2301 1202 2402; baseline 0.003 -30"><span class='ocrx_word' id='word_1_125' title='bbox 79 2301 319 2399; x_wconf 83' lang='lat' dir='ltr'>incrementis</span> <span class='ocrx_word' id='word_1_126' title='bbox 337 2309 375 2374; x_wconf 91' lang='lat' dir='ltr'>et</span> <span class='ocrx_word' id='word_1_127' title='bbox 399 2303 477 2375; x_wconf 92' lang='lat' dir='ltr'>sine</span> <span class='ocrx_word' id='word_1_128' title='bbox 498 2302 761 2394; x_wconf 75' lang='lat' dir='ltr'>legislatorum·</span> <span class='ocrx_word' id='word_1_129' title='bbox 778 2302 939 2402; x_wconf 86' lang='lat' dir='ltr'>consiliis</span> <span class='ocrx_word' id='word_1_130' title='bbox 957 2307 1082 2386; x_wconf 40' lang='lat' dir='ltr'>,ortum</span> <span class='ocrx_word' id='word_1_131' title='bbox 1106 2323 1202 2388; x_wconf 83' lang='lat' dir='ltr'>esse,</span> 
     </span>
     <span class='ocr_line' id='line_1_19' title="bbox 80 2418 1205 2513; baseline 0.002 -24"><span class='ocrx_word' id='word_1_132' title='bbox 80 2419 172 2491; x_wconf 89' lang='lat' dir='ltr'>haec</span> <span class='ocrx_word' id='word_1_133' title='bbox 189 2419 446 2507; x_wconf 91' lang='lat' dir='ltr'>tamenopinio</span> <span class='ocrx_word' id='word_1_134' title='bbox 469 2419 649 2492; x_wconf 89' lang='lat' dir='ltr'>humanae</span> <span class='ocrx_word' id='word_1_135' title='bbox 668 2420 880 2492; x_wconf 89' lang='lat' dir='ltr'>mentitam</span> <span class='ocrx_word' id='word_1_136' title='bbox 892 2419 1050 2513; x_wconf 71' lang='lat' dir='ltr'>&#39;penitus</span> <span class='ocrx_word' id='word_1_137' title='bbox 1068 2418 1205 2498; x_wconf 89' lang='lat' dir='ltr'>insidet</span> 
     </span>
     <span class='ocr_line' id='line_1_20' title="bbox 81 2535 1204 2630; baseline 0 -24"><span class='ocrx_word' id='word_1_138' title='bbox 81 2542 125 2609; x_wconf 91' lang='lat' dir='ltr'>ut</span> <span class='ocrx_word' id='word_1_139' title='bbox 146 2535 185 2606; x_wconf 92' lang='lat' dir='ltr'>in</span> <span class='ocrx_word' id='word_1_140' title='bbox 205 2537 331 2630; x_wconf 91' lang='lat' dir='ltr'>eadem</span> <span class='ocrx_word' id='word_1_141' title='bbox 347 2537 451 2606; x_wconf 92' lang='lat' dir='ltr'>multi</span> <span class='ocrx_word' id='word_1_142' title='bbox 472 2536 581 2608; x_wconf 89' lang='lat' dir='ltr'>etiam</span> <span class='ocrx_word' id='word_1_143' title='bbox 602 2559 699 2609; x_wconf 89' lang='lat' dir='ltr'>nunc</span> <span class='ocrx_word' id='word_1_144' title='bbox 722 2544 972 2630; x_wconf 81' lang='lat' dir='ltr'>perseverent.</span> <span class='ocrx_word' id='word_1_145' title='bbox 992 2536 1062 2621; x_wconf 81' lang='lat' dir='ltr'>Qui</span> <span class='ocrx_word' id='word_1_146' title='bbox 1081 2542 1204 2608; x_wconf 90' lang='lat' dir='ltr'>autem</span> 
     </span>
     <span class='ocr_line' id='line_1_21' title="bbox 81 2652 1206 2747; baseline 0 -25"><span class='ocrx_word' id='word_1_147' title='bbox 81 2653 181 2723; x_wconf 92' lang='lat' dir='ltr'>illam</span> <span class='ocrx_word' id='word_1_148' title='bbox 201 2653 362 2747; x_wconf 63' lang='lat' dir='ltr'>accepit,v</span> <span class='ocrx_word' id='word_1_149' title='bbox 374 2673 518 2724; x_wconf 89' lang='lat' dir='ltr'>omnem</span> <span class='ocrx_word' id='word_1_150' title='bbox 537 2653 699 2725; x_wconf 92' lang='lat' dir='ltr'>ordinem</span> <span class='ocrx_word' id='word_1_151' title='bbox 718 2659 859 2725; x_wconf 90' lang='lat' dir='ltr'>certum</span> <span class='ocrx_word' id='word_1_152' title='bbox 879 2652 1000 2725; x_wconf 89' lang='lat' dir='ltr'>inesse</span> <span class='ocrx_word' id='word_1_153' title='bbox 1023 2653 1206 2725; x_wconf 80' lang='lat' dir='ltr'>societati-</span> 
     </span>
     <span class='ocr_line' id='line_1_22' title="bbox 81 2769 1205 2863; baseline -0.003 -21"><span class='ocrx_word' id='word_1_154' title='bbox 81 2769 151 2842; x_wconf 85' lang='lat' dir='ltr'>bus</span> <span class='ocrx_word' id='word_1_155' title='bbox 167 2769 335 2842; x_wconf 89' lang='lat' dir='ltr'>humanis</span> <span class='ocrx_word' id='word_1_156' title='bbox 350 2769 496 2863; x_wconf 87' lang='lat' dir='ltr'>infitiari</span> <span class='ocrx_word' id='word_1_157' title='bbox 513 2769 642 2842; x_wconf 92' lang='lat' dir='ltr'>debet:</span> <span class='ocrx_word' id='word_1_158' title='bbox 661 2771 768 2862; x_wconf 88' lang='lat' dir='ltr'>leges</span> <span class='ocrx_word' id='word_1_159' title='bbox 785 2771 883 2842; x_wconf 89' lang='lat' dir='ltr'>enim</span> <span class='ocrx_word' id='word_1_160' title='bbox 902 2771 966 2856; x_wconf 81' lang='lat' dir='ltr'>ita,</span> <span class='ocrx_word' id='word_1_161' title='bbox 980 2791 1111 2855; x_wconf 80' lang='lat' dir='ltr'>morea,</span> <span class='ocrx_word' id='word_1_162' title='bbox 1130 2770 1205 2845; x_wconf 85' lang='lat' dir='ltr'>ius-</span> 
     </span>
     <span class='ocr_line' id='line_1_23' title="bbox 83 2882 1204 2980; baseline 0.001 -24"><span class='ocrx_word' id='word_1_163' title='bbox 83 2885 194 2959; x_wconf 89' lang='lat' dir='ltr'>tituta</span> <span class='ocrx_word' id='word_1_164' title='bbox 205 2909 279 2958; x_wconf 91' lang='lat' dir='ltr'>non</span> <span class='ocrx_word' id='word_1_165' title='bbox 292 2909 311 2958; x_wconf 90' lang='grc'>1</span> <span class='ocrx_word' id='word_1_166' title='bbox 326 2882 508 2958; x_wconf 89' lang='lat' dir='ltr'>constanti</span> <span class='ocrx_word' id='word_1_167' title='bbox 528 2889 683 2980; x_wconf 88' lang='lat' dir='ltr'>quadam</span> <span class='ocrx_word' id='word_1_168' title='bbox 699 2888 860 2960; x_wconf 90' lang='lat' dir='ltr'>civitatis</span> <span class='ocrx_word' id='word_1_169' title='bbox 879 2888 1009 2960; x_wconf 86' lang='lat' dir='ltr'>natura</span> <span class='ocrx_word' id='word_1_170' title='bbox 1025 2888 1089 2960; x_wconf 90' lang='lat' dir='ltr'>sed</span> <span class='ocrx_word' id='word_1_171' title='bbox 1104 2909 1123 2958; x_wconf 88' lang='lat' dir='ltr'>e</span> <span class='ocrx_word' id='word_1_172' title='bbox 1138 2887 1204 2958; x_wconf 85' lang='lat' dir='ltr'>for·</span> 
     </span>
     <span class='ocr_line' id='line_1_24' title="bbox 83 3002 1204 3096; baseline -0.001 -22"><span class='ocrx_word' id='word_1_173' title='bbox 83 3002 177 3075; x_wconf 89' lang='lat' dir='ltr'>tuito</span> <span class='ocrx_word' id='word_1_174' title='bbox 193 3024 280 3074; x_wconf 89' lang='lat' dir='ltr'>casu</span> <span class='ocrx_word' id='word_1_175' title='bbox 296 3003 498 3096; x_wconf 88' lang='lat' dir='ltr'>penderent</span> <span class='ocrx_word' id='word_1_176' title='bbox 516 3003 576 3096; x_wconf 93' lang='lat' dir='ltr'>qui</span> <span class='ocrx_word' id='word_1_177' title='bbox 591 3002 688 3075; x_wconf 93' lang='lat' dir='ltr'>hunc</span> <span class='ocrx_word' id='word_1_178' title='bbox 707 3011 770 3076; x_wconf 89' lang='lat' dir='ltr'>aut</span> <span class='ocrx_word' id='word_1_179' title='bbox 785 3005 887 3075; x_wconf 92' lang='lat' dir='ltr'>illum</span> <span class='ocrx_word' id='word_1_180' title='bbox 902 3005 1150 3096; x_wconf 81' lang='lat' dir='ltr'>legislatorem</span> <span class='ocrx_word' id='word_1_181' title='bbox 1166 3003 1204 3073; x_wconf 94' lang='lat' dir='ltr'>in</span> 
     </span>
     <span class='ocr_line' id='line_1_25' title="bbox 84 3119 1203 3215; baseline 0 -23"><span class='ocrx_word' id='word_1_182' title='bbox 84 3141 127 3192; x_wconf 91' lang='lat' dir='ltr'>ea</span> <span class='ocrx_word' id='word_1_183' title='bbox 143 3119 388 3192; x_wconf 80' lang='lat' dir='ltr'>suscitaverit.</span> <span class='ocrx_word' id='word_1_184' title='bbox 409 3119 446 3190; x_wconf 87' lang='lat' dir='ltr'>Si</span> <span class='ocrx_word' id='word_1_185' title='bbox 463 3141 510 3192; x_wconf 79' lang='lat' dir='ltr'>ex</span> <span class='ocrx_word' id='word_1_186' title='bbox 525 3119 663 3193; x_wconf 86' lang='lat' dir='ltr'>iisdem</span> <span class='ocrx_word' id='word_1_187' title='bbox 674 3121 827 3212; x_wconf 89' lang='lat' dir='ltr'>civibus,</span> <span class='ocrx_word' id='word_1_188' title='bbox 839 3121 907 3192; x_wconf 90' lang='lat' dir='ltr'>alio</span> <span class='ocrx_word' id='word_1_189' title='bbox 920 3120 1082 3215; x_wconf 88' lang='lat' dir='ltr'>principe</span> <span class='ocrx_word' id='word_1_190' title='bbox 1095 3120 1203 3212; x_wconf 92' lang='lat' dir='ltr'>impe·</span> 
     </span>
     <span class='ocr_line' id='line_1_26' title="bbox 83 3236 1205 3332; baseline -0.001 -25"><span class='ocrx_word' id='word_1_191' title='bbox 83 3244 199 3322; x_wconf 90' lang='lat' dir='ltr'>rante,</span> <span class='ocrx_word' id='word_1_192' title='bbox 218 3236 293 3326; x_wconf 42' lang='lat' dir='ltr'>‚alia</span> <span class='ocrx_word' id='word_1_193' title='bbox 314 3237 443 3308; x_wconf 88' lang='lat' dir='ltr'>civitas</span> <span class='ocrx_word' id='word_1_194' title='bbox 462 3242 606 3309; x_wconf 89' lang='lat' dir='ltr'>exstare</span> <span class='ocrx_word' id='word_1_195' title='bbox 630 3239 756 3332; x_wconf 88' lang='lat' dir='ltr'>possit,</span> <span class='ocrx_word' id='word_1_196' title='bbox 786 3237 912 3309; x_wconf 89' lang='lat' dir='ltr'>eadem</span> <span class='ocrx_word' id='word_1_197' title='bbox 936 3257 1058 3325; x_wconf 91' lang='lat' dir='ltr'>causa,</span> <span class='ocrx_word' id='word_1_198' title='bbox 1077 3236 1205 3308; x_wconf 89' lang='lat' dir='ltr'>iisdem</span> 
     </span>
     <span class='ocr_line' id='line_1_27' title="bbox 83 3335 1245 3447; baseline 0.001 -22"><span class='ocrx_word' id='word_1_199' title='bbox 83 3353 380 3440; x_wconf 62' lang='lat' dir='ltr'>circumstantiis</span> <span class='ocrx_word' id='word_1_200' title='bbox 423 3353 539 3425; x_wconf 83' lang='lat' dir='ltr'>varios</span> <span class='ocrx_word' id='word_1_201' title='bbox 582 3335 734 3427; x_wconf 88' lang='lat' dir='ltr'>effectus</span> <span class='ocrx_word' id='word_1_202' title='bbox 773 3353 953 3447; x_wconf 86' lang='lat' dir='ltr'>gignendi</span> <span class='ocrx_word' id='word_1_203' title='bbox 996 3354 1206 3424; x_wconf 84' lang='lat' dir='ltr'>facultatem</span> <span class='ocrx_word' id='word_1_204' title='bbox 1242 3419 1245 3426; x_wconf 89' lang='lat'><em>.</em></span> 
     </span>
     <span class='ocr_line' id='line_1_28' title="bbox 85 3468 1203 3566; baseline -0.001 -26"><span class='ocrx_word' id='word_1_205' title='bbox 85 3469 252 3554; x_wconf 83' lang='lat' dir='ltr'>hahebit;</span> <span class='ocrx_word' id='word_1_206' title='bbox 267 3469 433 3542; x_wconf 90' lang='lat' dir='ltr'>rationali</span> <span class='ocrx_word' id='word_1_207' title='bbox 448 3469 564 3562; x_wconf 89' lang='lat' dir='ltr'>igitur</span> <span class='ocrx_word' id='word_1_208' title='bbox 579 3469 724 3542; x_wconf 85' lang='lat' dir='ltr'>vinculo</span> <span class='ocrx_word' id='word_1_209' title='bbox 740 3492 800 3543; x_wconf 89' lang='lat' dir='ltr'>res</span> <span class='ocrx_word' id='word_1_210' title='bbox 822 3469 990 3566; x_wconf 89' lang='lat' dir='ltr'>politicae</span> <span class='ocrx_word' id='word_1_211' title='bbox 1015 3468 1203 3542; x_wconf 88' lang='lat' dir='ltr'>carebunt.</span> 
     </span>
     <span class='ocr_line' id='line_1_29' title="bbox 132 3584 1207 3681; baseline 0.001 -24"><span class='ocrx_word' id='word_1_212' title='bbox 132 3586 314 3658; x_wconf 85' lang='lat' dir='ltr'>Scientiae</span> <span class='ocrx_word' id='word_1_213' title='bbox 329 3584 604 3681; x_wconf 80' lang='lat' dir='ltr'>politicaenihil</span> <span class='ocrx_word' id='word_1_214' title='bbox 615 3588 941 3681; x_wconf 84' lang='lat' dir='ltr'>majorem-moram</span> <span class='ocrx_word' id='word_1_215' title='bbox 958 3587 1081 3658; x_wconf 88' lang='lat' dir='ltr'>attulit</span> <span class='ocrx_word' id='word_1_216' title='bbox 1101 3607 1207 3678; x_wconf 89' lang='lat' dir='ltr'>quam</span> 
     </span>
     <span class='ocr_line' id='line_1_30' title="bbox 85 3700 1234 3798; baseline -0.001 -25"><span class='ocrx_word' id='word_1_217' title='bbox 85 3703 176 3775; x_wconf 90' lang='lat' dir='ltr'>haec</span> <span class='ocrx_word' id='word_1_218' title='bbox 201 3700 384 3786; x_wconf 74' lang='lat' dir='ltr'>doctrina„</span> <span class='ocrx_word' id='word_1_219' title='bbox 401 3703 444 3778; x_wconf 72' lang='lat' dir='ltr'>in⁴</span> <span class='ocrx_word' id='word_1_220' title='bbox 465 3725 535 3796; x_wconf 87' lang='lat' dir='ltr'>qna</span> <span class='ocrx_word' id='word_1_221' title='bbox 561 3712 599 3775; x_wconf 91' lang='lat' dir='ltr'>et</span> <span class='ocrx_word' id='word_1_222' title='bbox 619 3704 827 3798; x_wconf 80' lang='lat' dir='ltr'>philosophi</span> <span class='ocrx_word' id='word_1_223' title='bbox 847 3704 907 3775; x_wconf 81' lang='lat' dir='ltr'>vel</span> <span class='ocrx_word' id='word_1_224' title='bbox 926 3701 1126 3798; x_wconf 86' lang='lat' dir='ltr'>prudentes</span> <span class='ocrx_word' id='word_1_225' title='bbox 1149 3701 1210 3775; x_wconf 89' lang='lat' dir='ltr'>vel</span> <span class='ocrx_word' id='word_1_226' title='bbox 1231 3775 1234 3782; x_wconf 74' lang='grc'>,</span> 
     </span>
     <span class='ocr_line' id='line_1_31' title="bbox 57 3816 1211 3911; baseline -0.008 -16"><span class='ocrx_word' id='word_1_227' title='bbox 57 3818 191 3895; x_wconf 80' lang='lat' dir='ltr'>,inscii</span> <span class='ocrx_word' id='word_1_228' title='bbox 229 3818 432 3892; x_wconf 88' lang='lat' dir='ltr'>diutissime</span> <span class='ocrx_word' id='word_1_229' title='bbox 467 3828 744 3893; x_wconf 89' lang='lat' dir='ltr'>consenserunt.</span> <span class='ocrx_word' id='word_1_230' title='bbox 777 3820 871 3893; x_wconf 91' lang='lat' dir='ltr'>Nam</span> <span class='ocrx_word' id='word_1_231' title='bbox 907 3827 1031 3892; x_wconf 88' lang='lat' dir='ltr'>cetera</span> <span class='ocrx_word' id='word_1_232' title='bbox 1064 3816 1211 3911; x_wconf 90' lang='lat' dir='ltr'>impedi-</span> 
     </span>
     <span class='ocr_line' id='line_1_32' title="bbox 85 3935 1213 4033; baseline -0.005 -23"><span class='ocrx_word' id='word_1_233' title='bbox 85 3941 222 4024; x_wconf 89' lang='lat' dir='ltr'>menta,</span> <span class='ocrx_word' id='word_1_234' title='bbox 249 3935 293 4009; x_wconf 92' lang='lat' dir='ltr'>de</span> <span class='ocrx_word' id='word_1_235' title='bbox 320 3937 450 4033; x_wconf 90' lang='lat' dir='ltr'>quibus</span> <span class='ocrx_word' id='word_1_236' title='bbox 476 3959 586 4032; x_wconf 91' lang='lat' dir='ltr'>supra</span> <span class='ocrx_word' id='word_1_237' title='bbox 613 3938 769 4009; x_wconf 86' lang='lat' dir='ltr'>diximus</span> <span class='ocrx_word' id='word_1_238' title='bbox 797 3943 864 4010; x_wconf 90' lang='lat' dir='ltr'>aut</span> <span class='ocrx_word' id='word_1_239' title='bbox 889 3937 985 4008; x_wconf 84' lang='lat' dir='ltr'>infra</span> <span class='ocrx_word' id='word_1_240' title='bbox 1010 3937 1213 4029; x_wconf 83' lang='lat' dir='ltr'>loquemur,</span> 
     </span>
     <span class='ocr_line' id='line_1_33' title="bbox 87 4050 1216 4147; baseline -0.003 -24"><span class='ocrx_word' id='word_1_241' title='bbox 87 4053 247 4124; x_wconf 82' lang='lat' dir='ltr'>amoveri</span> <span class='ocrx_word' id='word_1_242' title='bbox 266 4074 339 4125; x_wconf 94' lang='lat' dir='ltr'>non</span> <span class='ocrx_word' id='word_1_243' title='bbox 355 4060 524 4147; x_wconf 87' lang='lat' dir='ltr'>poterant</span> <span class='ocrx_word' id='word_1_244' title='bbox 540 4054 710 4147; x_wconf 90' lang='lat' dir='ltr'>quamdiu</span> <span class='ocrx_word' id='word_1_245' title='bbox 731 4054 801 4126; x_wconf 92' lang='lat' dir='ltr'>hoc</span> <span class='ocrx_word' id='word_1_246' title='bbox 831 4052 1008 4131; x_wconf 87' lang='lat' dir='ltr'>obstabat.</span> <span class='ocrx_word' id='word_1_247' title='bbox 1037 4050 1216 4136; x_wconf 82' lang='lat' dir='ltr'>Quamdiu</span> 
     </span>
     <span class='ocr_line' id='line_1_34' title="bbox 15 4167 1217 4253; baseline -0.002 -14"><span class='ocrx_word' id='word_1_248' title='bbox 15 4170 23 4193; x_wconf 85' lang='lat'><strong><em>¹</em></strong></span> <span class='ocrx_word' id='word_1_249' title='bbox 91 4192 116 4239; x_wconf 93' lang='lat' dir='ltr'>n</span> <span class='ocrx_word' id='word_1_250' title='bbox 150 4168 387 4240; x_wconf 87' lang='lat' dir='ltr'>societatibus</span> <span class='ocrx_word' id='word_1_251' title='bbox 414 4169 535 4241; x_wconf 89' lang='lat' dir='ltr'>omnia</span> <span class='ocrx_word' id='word_1_252' title='bbox 563 4171 652 4243; x_wconf 88' lang='lat' dir='ltr'>adeo</span> <span class='ocrx_word' id='word_1_253' title='bbox 687 4171 837 4242; x_wconf 85' lang='lat' dir='ltr'>fortuita</span> <span class='ocrx_word' id='word_1_254' title='bbox 867 4191 949 4241; x_wconf 91' lang='lat' dir='ltr'>esse</span> <span class='ocrx_word' id='word_1_255' title='bbox 984 4167 1217 4253; x_wconf 86' lang='lat' dir='ltr'>videbantur,</span> 
     </span>
     <span class='ocr_line' id='line_1_35' title="bbox 88 4275 1220 4384; baseline -0.001 -30"><span class='ocrx_word' id='word_1_256' title='bbox 88 4285 223 4357; x_wconf 87' lang='lat' dir='ltr'>nemini</span> <span class='ocrx_word' id='word_1_257' title='bbox 239 4285 277 4356; x_wconf 91' lang='lat' dir='ltr'>in</span> <span class='ocrx_word' id='word_1_258' title='bbox 295 4291 455 4360; x_wconf 88' lang='lat' dir='ltr'>mentem</span> <span class='ocrx_word' id='word_1_259' title='bbox 467 4287 601 4384; x_wconf 53' lang='lat' dir='ltr'>‘venire</span> <span class='ocrx_word' id='word_1_260' title='bbox 615 4292 759 4382; x_wconf 82' lang='lat' dir='ltr'>poterat</span> <span class='ocrx_word' id='word_1_261' title='bbox 775 4306 996 4379; x_wconf 84' lang='lat' dir='ltr'>pergenera</span> <span class='ocrx_word' id='word_1_262' title='bbox 1012 4304 1053 4355; x_wconf 90' lang='lat' dir='ltr'>ac</span> <span class='ocrx_word' id='word_1_263' title='bbox 1071 4275 1220 4376; x_wconf 88' lang='lat' dir='ltr'>species</span> 
     </span>
    </p>
   </div>
   <div class='ocr_carea' id='block_1_3' title="bbox 0 0 1418 4950">
    <p class='ocr_par' dir='ltr' id='par_1_3' title="bbox 0 0 1418 4950">
     <span class='ocr_line' id='line_1_36' title="bbox 0 0 1418 4950; baseline 0 0"><span class='ocrx_word' id='word_1_264' title='bbox 0 0 1418 4950; x_wconf 95' lang='lat' dir='ltr'> </span> 
     </span>
    </p>
   </div>
  </div>
 </body>
</html>
