2790 4950
621 252 778 312 ..32-

146 390 269 456 autem
290 406 333 456 ea
353 385 396 457 de
418 405 456 455 re
478 383 641 456 doctrina
660 384 773 456 multo
794 383 904 456 latius
922 392 1036 479 petet.
1058 388 1156 460 Nam
1174 390 1254 462 haec

145 501 215 571 tria
251 501 440 572 civitatum
476 519 614 591 genera
641 521 715 571 non
744 500 848 571 modo
877 501 1082 596 principum
1114 528 1253 579 numero

144 639 334 711 rerumque
375 617 600 712 publicarum
635 617 943 691 administratione
976 620 1164 709 differunt,
1198 624 1254 695 sed

144 740 221 807 tcta
237 742 377 806 natura.

187 850 267 923 Hoc
276 853 353 944 jam
369 851 518 944 planum
541 852 610 924 erit
628 849 690 922 nbi
710 849 994 926 intellexerimus
1014 855 1196 947 quomodo
1210 879 1255 940 ‚ea

144 969 361 1041 distinxerit.
380 968 537 1054 Etenim,
554 969 640 1064 dum
655 969 873 1041 Aristoteles
889 971 1040 1064 ejusque
1057 958 1253 1047 imitatores

144 1085 357 1157 divisionem
374 1107 477 1155 suam
492 1067 732 1157 ex'abstracta
748 1085 909 1158 civitatis
929 1087 1078 1161 notione
1097 1112 1254 1184 sumpse·

142 1207 240 1288 runt,
259 1202 489 1274 Secundatus
506 1208 667 1274 contraa
688 1203 796 1274 rebus
817 1203 920 1296 ipsis.
943 1203 1026 1275 'l'ria
1045 1205 1110 1276 illa
1129 1228 1255 1299 genera

142 1340 215 1389 non
242 1340 289 1390 ex
317 1317 436 1410 aliquo
464 1316 652 1411 principio,
673 1336 696 1388 o
713 1317 837 1409 priori
856 1319 988 1412 posite,
1010 1320 1177 1407 deduxit,
1198 1322 1255 1394 sed

139 1433 359 1507 societatum
390 1434 654 1533 comparatione
686 1433 864 1520 formavit,
890 1456 989 1528 quas
1011 1435 1168 1509 historia
1197 1447 1255 1510 aut

139 1551 455 1647 peregrinatorum
471 1549 718 1636 relationibus,
735 1550 917 1622 autetiam
934 1552 1013 1622 suis
1026 1551 1144 1646 ipsius
1158 1577 1256 1650 pere·

140 1666 408 1761 grinationibus
444 1673 681 1760 cognoverat.
696 1665 845 1761 „Itaque
889 1666 1080 1741 verborum
1097 1693 1257 1745 ··sensns

139 1785 253 1858 lateat
281 1785 359 1858 nisi·
378 1784 531 1878 primum
560 1805 774 1878 quaeramus
799 1804 892 1878 quae
913 1761 1257 1884 gentes.ibi·signi·

137 1903 306 1976 ficentur.
443 1927 446 1931 ’
722 1986 725 1991 ,
1202 1940 1206 1947 ·

182 2018 453 2114 Rempublicam
469 2023 591 2092 autern
607 2016 765 2113 appellat
780 2038 854 2113 non
873 2038 1017 2093 omnem
1036 2021 1255 2098 societatem

139 2157 231 2233 quae
251 2160 272 2209 a
290 2142 370 2209 toto
391 2136 523 2230 populo
546 2142 610 2207 aut
632 2135 786 2224 quadam
808 2137 931 2230 populi
956 2144 1070 2232 partc-
1085 2139 1256 2214 adminjg.

138 2261 267 2341 tretur,
293 2253 358 2326 sed
387 2251 543 2324 Graecas
569 2251 788 2346 Italicasque
814 2253 1044 2347 antiquitatis
1069 2255 1253 2346 civitates,

138 2372 268 2466 quibus
285 2369 470 2463 addendae
491 2375 577 2449 sunt
596 2369 756 2462 inclytae
779 2369 861 2441 illae
881 2368 1008 2442 Italiae
1027 2371 1139 2463 urbes
1161 2397 1256 2468 quae

137 2489 254 2561 medio
269 2507 358 2559 aevo
370 2484 573 2557 floruerunt
585 2485 641 2579 (¹).
656 2484 800 2579 Priores
815 2507 902 2558 vero
918 2483 1117 2581 principem
1133 2491 1256 2563 locum

136 2612 281 2690 tenent;
319 2605 357 2675 in
390 2609 466 2675 toto
501 2602 605 2688 libro,
646 2602 942 2697 quotiescumque
976 2604 1020 2696 de
1053 2604 1256 2700 Republica

136 2722 271 2816 agitur,
288 2720 519 2792 manifestum
537 2725 596 2790 est
611 2716 773 2808 Romam,
787 2718 965 2807 Athenas,
984 2723 1150 2816 Spartam
1165 2732 1255 2796 ante

136 2838 328 2934 scriptoris,
348 2838 473 2911 oculos
494 2836 644 2908 versari.
665 2833 745 2907 Hoc
766 2842 824 2909 est
842 2857 906 2910 cnr
927 2835 1196 2910 Democratiam
1217 2847 1256 2912 et

134 2955 409 3030 Aristocratiam
430 2952 499 3025 snb
520 2952 689 3025 eumdem
708 2951 1163 3049 titulum,·Rempublicam
1183 2957 1256 3028 sci·

134 3075 233 3160 licet,
259 3072 436 3166 coegerit.
458 3070 553 3144 Nam
573 3091 658 3142 cnm
681 3070 777 3166 apud
797 3070 878 3142 illas
905 3071 1075 3144 civitates
1093 3093 1167 3144 una
1186 3082 1255 3148 ant

135 3193 248 3266 altera
261 3190 373 3263 forma
388 3189 522 3284 pariter
539 3188 746 3272 occurrerit,
770 3193 834 3259 aut
853 3188 963 3262 etiam
983 3188 1053 3260 alia
1072 3186 1133 3260 alii
1153 3193 1253 3285 apud

134 3305 301 3381 eumdem
333 3304 507 3400 populum
537 3303 770 3390 successerit,
806 3322 880 3375 non
913 3303 1057 3396 omniuo
1089 3305 1253 3399 separari

132 3429 313 3521 poterent,
345 3420 583 3495 Barbarorum
613 3410 742 3492 'contra
777 3426 923 3512 gentes,
962 3409 1170 3519 quanquam
1205 3422 1261 3496 ab·

131 3541 313 3614 universis
347 3537 488 3611 ritibus
507 3538 735 3634 saepissime
769 3536 1034 3630 gubernantur,
1070 3559 1144 3611 non
1180 3539 1250 3612 sub

132 3658 260 3732 eodem
289 3655 434 3730 nomine
466 3654 666 3743 confundit,
699 3662 742 3727 nt
770 3661 899 3750 postea
929 3654 1145 3743 videbimus,
1178 3678 1251 3731 nec

133 3775 280 3847 dubium
294 3781 352 3847 est
369 3773 457 3867 quin
468 3771 621 3845 Gelliam
637 3778 811 3858 nostram,
835 3771 866 3842 si
884 3771 1034 3843 formam
1055 3792 1163 3867 qnam
1180 3772 1251 3846 sibi

131 3893 211 3987 ipsa
225 3890 331 3964 hodie
355 3890 496 3965 dederit
521 3888 771 3984 cognovisset,
796 3909 870 3963 non
890 3888 986 3963 inter
1008 3887 1250 3986 Respublicas

132 4010 419 4085 adnumerasset.
524 4068 526 4073 .

159 4262 190 4327 (1)
206 4261 235 4314 r.
249 4261 281 4327 x,
293 4259 353 4327 aa
364 4261 393 4327 v,-
404 4259 428 4313 e.
