2790 4950
588 272 780 341 .-.-ro:--

95 469 98 474 .
135 406 239 481 offert
252 407 379 498 inqua
393 405 637 500 caputsolum
651 407 756 492 virid
783 407 915 502 quippe
937 406 1033 500 'quod
1054 411 1156 478 totas
1181 421 1250 478 cora

134 521 231 615 poris
247 520 344 592 vires
359 520 405 617 ad
421 542 459 593 se
475 521 627 594 traxerit
645 522 703 613 (¹).
731 521 858 616 Itaque
878 534 998 616 neque
1020 522 1141 594 virtus
1156 523 1248 595 vitae

134 637 299 731 publicae
315 637 531 732 principium
553 650 635 710 esse
657 643 784 733 potest
803 639 887 732 quIa
906 639 1063 733 populus
1082 658 1144 710 res
1160 654 1256 711 com-‚-

133 775 262 832 munes
272 753 432 846 ignorat,
448 773 566 847 neque
579 755 687 826 docos
699 754 783 848 quia
793 756 894 829 nulla
903 755 1098 828 diversitas
1111 755 1247 827 existit.

133 869 308 967 Homines
342 870 508 943 societati
540 871 753 943 'uinciuntur
795 877 988 965 propterea
1025 872 1125 964 quod
1164 872 1254 944 adeo

134 986 297 1059 imbelles
326 993 413 1062 sunt
438 994 483 1063 ut
503 987 677 1080 principis
697 987 925 1061 voluntatem
943 999 1017 1059 non
1036 990 1255 1061 resistentes

135 1110 347 1196 sequantur,
365 1103 473 1176 idest
490 1104 566 1176 solo
583 1109 684 1176 metu
696 1103 761 1195 (¹).1
817 1190 821 1199 .

179 1218 258 1292 Hoc
274 1219 364 1291 satis
379 1225 493 1293 estut
508 1221 614 1314 plane
631 1220 899 1293 demonstretur
912 1241 1018 1293 veras
1037 1221 1252 1293 societatum

136 1335 278 1430 species
303 1358 332 1412 a
351 1336 567 1409 Secundato.
584 1336 776 1409 distinctas
801 1335 967 1408 esse..Id
1000 1336 1112 1409 etiam
1145 1339 1252 1408 mani-

134 1452 265 1524 festius
280 1451 346 1523 fiat
362 1452 394 1523 si
409 1451 446 1522 in
463 1453 611 1544 singula
624 1452 837 1525 descendas.
851 1453 944 1524 Nam
958 1473 1033 1524 non
1048 1459 1251 1526 structurae

135 1568 240 1663 modo
266 1569 444 1663 principia
467 1568 610 1642 diversa
633 1576 733 1655 sunt,
756 1569 821 1642 sed
846 1575 924 1641 tota
943 1571 1031 1641 vita.
1058 1569 1182 1642 Mores
1198 1571 1250 1662 (³),

136 1685 332 1776 religiones
354 1684 410 1779 (⁴),
442 1685 576 1756 familia
599 1687 652 1776 (⁵),
684 1685 951 1758 matrimonium
972 1687 1027 1777 (θ),
1061 1706 1252 1778 puerorum

135 1789 317 1884 institutio
329 1802 385 1893 (Ἰ),
410 1801 561 1873 crimina
585 1808 629 1892 et
642 1824 780 1897 poenae
795 1802 838 1895 (ὅ)
858 1814 932 1874 no'n
956 1782 1084 1875 eadem
1109 1809 1197 1873 sunt
1217 1803 1252 1872 in

136 1916 334 2019 Republica
351 1923 459 2010 atque
480 1918 518 1989 in
532 1917 737 2011 Tyrannide
754 1924 816 1990 aut
840 1919 879 1988 in
897 1916 1128 1989 Monarchia.¹
1143 1916 1251 1988 Immo

137 2033 354 2119 societatum
379 2033 602 2114 differentias
633 2033 930 2127 animadvertisse
957 2033 1079 2128 potius
1111 2033 1258 2105 videtur·

139 2167 307 2255 qupmaa
323 2173 415 2246 quae
433 2151 598 2224 omnibus
615 2151 932 2223 communia'sunt.

574 2471 602 2539 V
674 2498 728 2570 111

152 2806 156 2818 ,
185 2737 236 2807 At
262 2735 370 2819 enim,
390 2733 420 2804 si
444 2751 529 2805 vere
559 2732 775 2804 societatum
801 2731 943 2825 species
967 2729 1190 2823 separaverit
1217 2749 1258 2800 ac

144 2850 386 2945 descripserit,
405 2871 470 2923 cur
488 2870 551 2921 eas
567 2850 619 2919 ita
635 2846 774 2920 definiit
791 2853 829 2919 et
843 2846 901 2919 his
916 2845 1121 2918 nominibus
1139 2846 1258 2941 appel·

143 2969 255 3039 lavit‘I
278 2967 415 3061 Nempe
437 2988 510 3038 non
535 2987 580 3038 ex
603 2965 734 3036 laboris
758 2964 948 3048 divisIone,
972 2984 1045 3034 non
1071 2984 1089 3034 e
1115 2962 1259 3033 socialis

144 3083 280 3161 vinculi
298 3088 429 3154 natura
448 3083 529 3153 illas
548 3073 744 3173 distinguit
760 3086 798 3152 et
814 3080 988 3167 nominat,
1006 3078 1071 3151 sed
1092 3100 1137 3150 ex
1153 3079 1260 3150 unica

12 3234 15 3239 ⁴
145 3220 306 3279 summae
323 3197 550 3271 auctoritatis
567 3197 840 3269 constitutione.

189 3315 288 3393 Haec
304 3322 427 3388 autem
442 3314 538 3387 inter
553 3335 593 3386 se
610 3335 683 3385 non
697 3317 917 3407 repugnant.
936 3310 1080 3382 Etenim
1095 3322 1262 3383 necessa·

145 3433 237 3508 rium
262 3438 340 3505 erat
365 3429 646 3524 unumquodque
671 3450 791 3527 genus
817 3451 860 3501 ea
885 3428 1105 3522 proprietate
1132 3433 1260 3499 notare

176 3629 206 3690 (ί)
223 3627 281 3679 «Le
292 3626 448 3692 despotisme
459 3640 487 3677 aa
497 3625 568 3679 suffit
578 3625 593 3677 t
602 3625 751 3690 lui-mema3
762 3629 818 3677 tout
826 3625 928 3677 ostride
939 3630 1033 3676 autour
1045 3624 1078 3674 de
1087 3623 1134 3675 lui.
1145 3641 1159 3673 a
1171 3624 1226 3688 (w,
1238 3625 1263 3686 I,

144 3707 259 3770 iatine.)
1231 3714 1235 3722 ·

174 3788 206 3855 (¹)
222 3788 267 3852 mr
279 3789 304 3840 9·
418 3808 421 3812 ’

174 3870 205 3933 (³)
221 3868 290 3934 XIX,
301 3869 325 3920 2.

175 3953 206 4014 (⁴)
222 3942 312 4014 xxlv,
323 3949 349 3999 5.

173 4031 206 4093 (ὖ)
221 4030 314 4080 XXIII.

150 4112 207 4179 νβ)
222 4111 287 4163 XVI.
348 4127 351 4134 ·
369 4164 370 4169 ,

174 4192 206 4256 (ἵ)
222 4192 265 4243 IV.

175 4272 208 4336 (⁸)
221 4272 277 4338 ΧΗ,
289 4272 322 4326 18
331 4277 358 4324 et
368 4287 407 4338 aq.
