2790 4950
298 288 342 347 ι
608 275 767 338 -ffl-

134 404 352 501 simulagita
353 407 980 538 tzquodnonsiueiueommodoest,
992 417 1247 550 namdircrsas

133 521 323 598 methodos
339 531 540 617 requrruu
621 578 649 589 ,Α

176 637 314 713 Ειι
249 661 297 723 au
298 645 373 713 tem
393 641 557 715 confusio
577 642 726 717 abetost
751 666 858 738 quam
880 665 971 741 quae
993 653 1096 745 apud
1114 655 1245 749 priores

133 756 367 852 philosophos
390 758 427 832 in
452 780 526 832 ιιιιι
542 766 637 834 erat.
651 762 837 851 Primum,
862 765 1018 840 scicntia
1040 791 1138 864 quaa
1163 775 1249 869 apud

135 873 382 955 secundatum
395 876 578 953 invonitur
593 899 679 952 vere
695 879 844 973 politica
869 888 927 957 est
942 906 950 952 :
967 905 1102 980 nempe
1121 911 1198 962 non
1212 891 1248 963 dc

67 1061 72 1070 ,
133 990 252 1087 privat
253 1013 265 1063 1
256 991 436 1069 hominis
451 994 675 1082 conscicntia
688 1001 835 1082 tractat,
856 998 922 1071 scd
937 1021 996 1074 res
1008 1003 1182 1096 politicas
1193 1029 1248 1099 pro

133 1109 285 1209 materie
297 1109 419 1185 habet.
437 1111 543 1185 Nova
559 1112 653 1184 illa
643 1113 760 1205 agitur
775 1114 943 1202 scientia,
971 1124 1195 1215 quamquam
1214 1124 1258 1194 ιιι

135 1204 212 1311 acte
237 1247 311 1298 non
334 1249 375 1301 ιι
376 1227 423 1299 ιιι
444 1227 667 1309 discriminat
668 1250 724 1314 ιιι,
748 1237 846 1303 certo
875 1233 1013 1333 existit.
1044 1235 1250 1326 Praeterea,

134 1343 306 1447 majorem
333 1343 414 1415 libri
445 1351 526 1438 part
529 1366 586 1418 cm
618 1353 785 1440 occupat,
757 1348 952 1422 tnedum
980 1354 1252 1438 quaestionibus

137 1482 228 1559 quae
246 1461 290 1536 ad
310 1468 430 1536 actum
452 1468 620 1557 spectant
640 1463 821 1540 obruatur.
840 1465 921 1537 Arti
941 1472 1251 1561 protestandam

135 1577 328 1660 famuletur
341 1579 542 1672 meliusque
558 1580 673 1677 igitur
687 1603 792 1653 ιιιιιιι
806 1589 975 1656 naturam
990 1589 1103 1680 sequi,
1115 1597 1249 1682 potest.

138 1695 299 1790 Scriptor
319 1698 415 1771 enim
439 1697 506 1770 sibi
523 1704 607 1771 ιιιιι
627 1699 746 1771 omnia
761 1703 952 1795 proposuit
972 1726 1064 1797 quae
1088 1715 1254 1782 cuntant

136 1811 283 1886 fuerunt
310 1833 533 1905 cognoscere
560 1820 599 1887 et
622 1814 814 1909 explicare.
839 1817 1041 1914 Praecepta
1057 1843 1148 1895 vero
1168 1831 1261 1918 quae

138 1926 329 2001 edicuntur
353 1930 442 2005 nihil
459 1930 564 2003 'aliud'
586 1931 797 2026 plerumque
822 1941 919 2006 suut⁴
937 1957 1044 2028 quam
1068 1939 1253 2026 veritates,

140 2068 229 2145 quas
250 2048 402 2123 scientia
423 2047 594 2121 methodo
624 2071 690 2120 sua
710 2055 819 2123 antea
837 2051 914 2143 jam
938 2052 1254 2142 demonstraverit,

137 2165 175 2237 in
192 2166 298 2238 aliam
314 2165 504 2259 quamdam
519 2166 684 2258 linguam
696 2168 908 2240 translatae.
922 2168 1005 2242 Non
1018 2173 1148 2264 agitur
1164 2175 1257 2248 enim

137 2283 261 2358 nescio
296 2305 402 2377 quam
430 2303 563 2355 novam
588 2283 774 2356 civitatem
800 2284 1017 2373 instaurare,
1046 2289 1111 2362 scd
1136 2291 1257 2384 justas

139 2400 475 2476 civitatum'formas
492 2400 640 2473 definire
657 2423 664 2470 :
684 2401 779 2494 quod
792 2401 966 2477 scientiae
984 2407 1170 2499 proprium
1188 2416 1255 2482 est.

140 2520 233 2605 Quia
256 2524 379 2591 autem
405 2519 537 2613 populo
564 2519 693 2611 cuique
717 2519 816 2591 salus
846 2522 1014 2615 suprema
1035 2524 1097 2595 lex
1124 2532 1184 2599 est
1198 2527 1257 2619 (¹),

140 2659 182 2711 ac
214 2637 370 2709 societas
405 2635 541 2708 servari
571 2635 699 2729 nequit
724 2636 763 2707 ni
788 2637 954 2731 propriae
986 2638 1072 2711 suae
1105 2647 1260 2715 naturae

139 2754 390 2846 integritatem
416 2758 575 2841 tueatur,
606 2753 694 2825 satis
725 2759 783 2825 est
808 2759 978 2825 naturam
1005 2756 1103 2826 illam
1127 2758 1262 2831 descri-

139 2873 287 2945 bere'ut
309 2870 393 2964 quid
413 2871 624 2965 petendum,
647 2869 732 2963 quid
748 2870 964 2962 fugiendum
989 2872 1049 2957 sit,
1071 2872 1158 2946 iude
1176 2895 1263 2947 con-

142 2987 331 3061 cludetur:
350 2987 495 3059 morbus
513 2987 609 3060 enim
625 2988 721 3059 omui
746 2987 853 3060 modo
876 2987 1062 3074 vitandae,
1086 2991 1263 3085 quidquid

143 3112 268 3179 contra
281 3106 422 3178 salubre
433 3110 491 3178 est
504 3104 713 3199 optandum.
727 3103 938 3199 Postquam,
955 3106 1111 3200 exempli
1124 3106 1260 3199 gratia,

142 3221 407 3296 Democratiam
424 3221 686 3295 demonstravit
704 3221 742 3292 in
766 3221 888 3315 parvis
911 3220 1121 3293 civitatibus
1143 3226 1263 3295 solum

143 3340 299 3412 existere
333 3360 454 3434 posse,
480 3338 674 3433 praecipue
698 3337 801 3411 facile
831 3343 910 3411 erat
935 3359 957 3408 ι
992 3337 1103 3410 nimia
1127 3340 1258 3412 finium

142 3456 342 3550 prolatione
357 3456 453 3528 omni
467 3454 715 3527 Democratiae
729 3453 994 3526 abstinendum.
1018 3455 1061 3525 Ιιι
1078 3455 1168 3525 raris
1181 3462 1262 3528 tan-

143 3578 222 3644 tum
245 3573 402 3658 casibus,
425 3579 468 3644 ut
492 3571 622 3646 melius
647 3571 740 3644 intra
761 3570 963 3643 videbimus
988 3571 1042 3663 (ι),
1069 3573 1195 3646 evenit
1220 3581 1264 3648 ut

144 3690 255 3761 arsin
274 3690 446 3763 scientiae
460 3690 581 3762 locum
598 3688 676 3761 sine
688 3690 770 3783 jure
787 3687 971 3760 succedat.

189 3805 362 3880 Ceterum
378 3829 421 3880 aa
435 3806 516 3899 ipsa
530 3811 742 3900 praecepta,
760 3809 954 3898 propterea
964 3803 1069 3897 ¹quod
1085 3825 1181 3876 nova
1201 3807 1264 3878 via

145 3930 409 4022 comparantur,
422 3923 533 4016 louge
547 3921 716 3994 differunt
728 3921 771 3991 ab
784 3920 828 3990 iis
840 3942 930 4014 quae
943 3921 1039 4015 apud
1055 3920 1262 4016 superiores

146 4043 340 4137 scriptores
354 4041 521 4135 politicos
537 4039 784 4110 inveniuntur.
805 4036 871 4108 Isti
889 4041 985 4111 enim
1000 4037 1119 4108 ideam
1139 4060 1262 4129 quam-

146 4159 239 4246 dam,
274 4158 437 4230 omnibus
467 4157 557 4229 locis
584 4155 878 4250 temporibusque
916 4155 1259 4257 supereminentem,

176 4339 360 4406 mfflstffi

176 4421 507 4488 fflbmmfflffimm
