2790 4950
707 293 871 365 -.58-.

228 426 358 518 igitur,·
369 446 478 520 quem
487 426 525 497 in
540 427 585 498 iis
601 426 865 509 conditionibus
878 424 1033 496 scientia
1043 423 1211 516 indagari
1225 424 1376 510 debet‚.

228 564 301 626 uon
314 541 422 614 modo
438 563 511 614 non
530 543 562 613 is
582 543 719 636 estqui
742 562 884 636 semper
905 547 943 614 et
962 541 1094 634 ubique
1111 542 1267 631 existat·
1283 541 1368 612 setl

229 659 337 729 etiarn
368 659 513 730 evenire
544 666 666 752 potest
695 665 738 731 ut
772 680 958 752 nunquam
988 658 1183 729 exstiterit.
1217 658 1357 750 Itaque

228 774 348 865 leges,
369 796 459 867 quae
489 797 573 847 eum
599 777 772 860 referunt,
802 775 956 846 idealem
973 774 1171 867 quamdam
1197 775 1361 844 formam

227 891 433 973 necessario
454 891 606 977 hahent3
630 913 714 963 nam
737 907 856 991 rernm
875 891 1121 962 connexiones
1137 891 1363 983 exprimunt.

227 1026 304 1079 non
329 1007 452 1099 quales
483 1014 582 1096 sunt,
608 1007 672 1079 sed
700 1008 825 1101 quales
852 1028 934 1078 esse
962 1006 1107 1078 debent.
1127 1006 1213 1078 Non
1238 1007 1360 1078 rebus

226 1123 366 1208 insunt,
390 1129 432 1195 ut
458 1104 617 1196 ceterae
633 1129 783 1195 naturae
809 1123 925 1215 leges.
951 1127 1017 1194 aut
1039 1122 1161 1216 potius
1187 1144 1265 1194 non
1289 1144 1364 1195 res

226 1239 326 1331 ipsae
347 1245 434 1310 sunt
450 1245 629 1332 quatenus
651 1239 718 1310 sub
740 1246 839 1311 certo
857 1238 1205 1332 quodamadspectu
1227 1239 1372 1311 consi—

228 1353 411 1443 derantur,
433 1356 499 1427 sed
524 1377 586 1427 eas
613 1377 660 1427 ex
685 1356 757 1427 alto
786 1355 888 1447 quasi
917 1355 1161 1444 dominantur,
1179 1357 1352 1447 quamvis

228 1491 315 1542 suae
337 1472 545 1544 auctoritati
574 1492 647 1544 non
673 1492 816 1566 semper
838 1492 906 1543 nec
928 1472 1134 1545 necessario
1160 1471 1360 1567 obtempe—

204 1594 364 1686 retur„
720 1610 723 1616 ·
839 1607 842 1611 ·
990 1610 993 1617 ·
1111 1611 1114 1617 ·

271 1702 324 1772 Ea
350 1704 410 1775 via
435 1711 493 1776 est
521 1727 591 1797 qua
620 1705 850 1777 Secundatus
881 1703 927 1774 ad
959 1703 1150 1797 antiquam
1175 1704 1348 1796 politicae

229 1820 402 1903 scientiae
430 1820 704 1916 conceptionem
728 1842 793 1914 pro
820 1827 922 1914 parte
937 1819 1159 1907 revertitur3
1187 1820 1256 1891 sed
1284 1842 1348 1912 pro

228 1943 331 2029 parte
358 1941 511 2018 tantum.
541 1936 636 2008 Sane
660 1936 731 2006 huc
752 1943 792 2008 et
815 1937 901 2007 illuc
922 1936 959 2006 in
981 1956 1025 2007 eo
1053 1939 1170 2006 estut
1192 1941 1347 2007 naturae

227 2053 332 2143 leges
348 2074 430 2124 cum
446 2055 662 2146 praeceptis,
681 2075 773 2147 quae
788 2053 874 2146 quid
889 2051 1094 2125 faciendum
1113 2051 1161 2123 sit
1182 2050 1346 2125 edicunt

228 2168 440 2255 confundat·
460 2168 532 2240 Sed
562 2169 687 2262 procul
715 2168 818 2255 abest
842 2168 942 2260 quin,
962 2167 1162 2261 priscorum
1187 2165 1348 2260 philoso-

227 2284 380 2383 phorum
403 2285 531 2370 instar,
557 2290 736 2373 naturam,
761 2283 877 2376 qualis
900 2289 970 2368 est,
996 2282 1142 2355 omittat
1168 2289 1212 2352 ut
1239 2282 1349 2352 aliam

227 2399 408 2486 instituat,
426 2399 578 2494 Nempe,
597 2421 802 2493 quanquam
817 2400 957 2471 nullum
971 2405 1111 2471 certum
1126 2398 1348 2492 principium

228 2539 271 2592 ea
283 2515 327 2586 de
343 2538 382 2587 re
393 2500 685 2611 statuithponte
698 2524 820 2588 tamen
834 2516 1015 2601 intellexit
1037 2515 1075 2586 in
1091 2514 1182 2585 raris
1200 2520 1348 2586 tantum

228 2632 523 2724 casibusaliquid
546 2632 751 2704 universale
773 2648 854 2704 esse
882 2653 991 2726 posse
1016 2630 1111 2724 quod
1138 2631 1348 2723 nonsimul

229 2770 358 2821 sanum
385 2749 618 2821 etrationale
648 2748 709 2838 sit.
732 2747 859 2841 Itaque
888 2749 1102 2820 societatum
1125 2748 1283 2842 species,
1305 2755 1352 2821 ut

227 2863 397 2951 pidimus,
427 2884 474 2943 ex
500 2863 651 2935 historia
680 2862 887 2935 describere·
907 2868 945 2935 et
970 2863 1150 2956 explicare
1171 2865 1351 2949 tentavit..

228 3001 360 3072 easque
385 2987 528 3067 tantum
551 2982 864 3073 corrigere-ausus
888 2986 949 3053 est
969 3002 1053 3052 cum
1076 2982 1181 3052 iniis
1209 2983 1347 3075 aliquio

227 3098 414 3189 reperiret
431 3097 532 3190 quod·
558 3118 640 3168 curn
672 3097 877 3169 eorumdem
915 3099 1087 3183 essentia,
1120 3099 1264 3191 qualem
1297 3121 1344 3171 ex

227 3234 347 3295 rerum
374 3212 624 3285 observatione
652 3199 894 3302 concluserat,
920 3205 1125 3304 congruere
1154 3234 1230 3283 non
1257 3215 1344 3285 arbi·

227 3329 400 3401 trabatur.
420 3330 483 3399 Sin
503 3330 621 3419 igitur
648 3327 743 3422 apud
771 3328 1017 3401 secundatum
1043 3329 1139 3420 legis
1167 3331 1344 3421 naturalis

226 3444 326 3538 notio
349 3466 422 3515 non
439 3443 483 3514 ad
502 3450 617 3533 totam
638 3444 820 3538 politicam
841 3445 965 3528 uitam,
980 3450 1082 3535 certe
1106 3444 1151 3515 ad
1171 3446 1344 3538 majorem

226 3560 336 3653 hujus
358 3566 502 3654 partem
527 3581 612 3643 sese
639 3559 880 3652 extenditeSi
905 3559 1229 3653 dubiialiquidet
1256 3563 1344 3654 vagi

227 3675 349 3750 adhuc
366 3677 501 3747 retinet
512 3698 568 3748 ‘ex
584 3677 737 3768 antiqua
753 3677 844 3747 artis
865 3681 904 3749 et
922 3670 1095 3748 scientiae
1117 3677 1343 3776 confusione,

227 3788 296 3873 hoc
309 3784 492 3903 interdum
507 3798 652 3863 tantum
667 3791 896 3863 manifestum
911 3798 1072 3885 apparet.
1173 3825 1177 3832 ·
