2790 4950
542 341 698 402 ..27-

34 551 38 554 ,
58 478 222 548 breviter
236 498 277 548 ao
296 474 445 547 strictim
461 479 585 544 noster
599 473 767 566 loquitur,
787 473 917 566 quippe
935 452 1184 573 quae-adpro·

60 594 223 686 positum
238 611 426 681 suumnon
438 594 536 661 recte
551 589 703 660 attineat
716 612 723 672 ;
743 588 807 660 sed
824 611 903 660 eam
917 594 1058 660 tantum
1076 588 1183 658 attin⁴

60 709 115 800 git
130 715 172 780 ut
195 696 391 780 materiam
408 728 510 776 suam
534 691 662 776 melius
688 704 847 792 definiat,
875 704 912 776 id
939 710 996 777 est
1023 727 1043 776 a
1070 704 1177 778 rebus

60 825 236 919 proximis
255 824 504 895 discriminet.¹
951 889 954 894 .
1179 806 1184 841 ⁵

107 941 236 1033 Leges*
260 947 381 1012 autem
399 961 500 1033 quac
519 939 704 1012 civitatem
730 941 930 1035 respiciunt
957 962 978 1011 a
1002 937 1184 1034 prioribus?

61 1078 214 1153 prorsus
231 1063 376 1151 separat
391 1058 604 1150 proprioque
620 1057 763 1130 nomine
786 1057 1008 1152 appellat(¹)‚
1028 1057 1110 1149 quia
1132 1057 1190 1128 ex'

60 1174 220 1245 hominis
243 1178 376 1244 natura
400 1172 530 1244 deduci
553 1162 752 1267 nequeunt.
776 1173 850 1245 Eae
876 1181 961 1245 sunt
982 1173 1026 1244 de
1049 1157 1186 1272 quibus

59 1292 101 1362 in
125 1292 205 1384 ejus
227 1289 480 1381 libroaeagitur3
504 1309 547 1361 ea
569 1296 627 1362 est
647 1311 735 1361 vera
753 1289 1049 1381 investigationis
1072 1311 1179 1382 quam

61 1409 228 1501 suscepit
243 1400 418 1491 materia,
443 1404 582 1478 scilicet
604 1408 667 1499 jus
694 1407 872 1498 gentium,
892 1407 954 1500 jus
978 1407 1092 1497 civile,
1116 1393 1186 1498 jus?

59 1524 263 1618 politicum,
283 1525 401 1595 omnia
418 1522 572 1616 denique
589 1523 783 1618 praecipua
799 1523 984 1595 societatis
999 1523 1189 1623 humanae

58 1639 244 1711 instituta.
279 1637 396 1711 Verba
423 1645 545 1710 autem
572 1645 712 1710 attente
739 1639 1040 1734 interpretemur(
1060 1620 1189 1722 Quen-²

64 1778 174 1849 quam
190 1756 310 1826 varias
327 1756 409 1827 illas
419 1756 510 1848 juris
526 1757 657 1826 lormas
674 1742 1074 1840 naturales'non'vocat,
1093 1736 1191 1826 atta?

60 1894 148 1944 men
181 1892 254 1943 non
283 1870 347 1943 eas
382 1872 566 1943 existimat
597 1877 699 1943 extra
730 1879 896 1943 naturam
923 1853 1029 1956 esse,¹
1047 1872 1111 1945 sed
1140 1872 1193 1942 in«

60 1986 368 2061 rebuslundatas
391 1988 497 2060 aliter
523 1995 630 2080 atque
652 1989 813 2081 priores:
839 2010 970 2082 nempe
986 1998 1021 2060 'e
1049 1994 1187 2069 natura·

60 2128 137 2177 non
162 2106 334 2190 hominis,v
356 2105 419 2176 sed
442 2105 631 2176 civitatum
653 2105 766 2198 sequi.
789 2104 921 2176 Earum
945 2126 1089 2190 causae,
1105 2112 1192 2175 non²

60 2224 100 2294 in
119 2222 276 2292 humana
292 2226 427 2303 mente,
451 2221 515 2292 sed
532 2218 569 2290 in
581 2222 785 2293 communis
800 2223 897 2293 vitae
913 2221 1188 2293 conditionibus

62 2337 292 2432 quaerendae
314 2343 433 2418 sunt.
465 2337 525 2420 si,
569 2338 724 2431 exempli
759 2339 890 2429 gratia,
925 2337 1019 2430 juris
1042 2321 1191 2409 civilis

61 2457 214 2547 regulas
251 2453 351 2548 apud.
375 2450 583 2546 ¹quemdam
621 2441 794 2547 popul-um
832 2437 1192 2547 intelligrere'relis,³

63 2571 243 2666 quomodo
270 2570 370 2641 cives
393 2570 488 2641 inter
503 2591 553 2642 se
584 2566 849 2656 consocientur,
878 2571 961 2662 qui-s
983 2572 1031 2641 sit
1054 2576 1194 2642 eorum?

61 2707 237 2760 numerus
253 2682 482 2760 considerare
501 2687 629 2773 debes3
648 2689 679 2757 si
694 2688 786 2780 juris
808 2687 944 2781 politici
971 2672 1193 2783 praecepta‚›

62 2827 156 2901 quae
172 2807 221 2877 sit
235 2805 437 2900 principum
459 2805 750 2898 privatorumque
769 2812 896 2876 mutua
917 2805 1087 2890 mnditia,
1099 2809 1195 2877 eto?

63 2925 174 3009 Sane,
193 2943 283 2994 cum·
301 2921 495 2993 societates
516 2942 562 2992 ex
584 2920 1003 2992 hominibusindividuis
1024 2927 1193 2992 tantum·¹

60 3040 170 3112 modo
201 3042 381 3121 constent,
406 3056 529 3108 earum
552 3044 683 3108 natura
711 3060 730 3110 e
757 3044 887 3109 natura
909 3032 1094 3109 hominum
1113 3021 1196 3132 proj

60 3163 166 3252 parte
181 3156 334 3254 pendet3
355 3154 419 3226 sed
434 3153 541 3230 homo
558 3154 636 3247 ipse
654 3155 745 3224 alius
762 3162 820 3227 est
839 3156 876 3225 in
897 3155 1050 3226 diversis
1067 3140 1194 3227 socie-³

61 3270 212 3345 tatibus.
231 3272 313 3342 Non
335 3270 461 3342 eodem
480 3261 589 3340 animi
609 3266 735 3342 habitu
755 3277 823 3356 ost,
842 3293 915 3343 non
934 3271 1063 3345 eadem
1079 3273 1194 3366 cupit·

61 3392 101 3461 in
126 3386 337 3461 Monarchia
364 3393 473 3481 atque
497 3388 542 3457 in.
559 3378 788 3459 Democratia
810 3395 874 3459 aut
898 3389 936 3459 in
957 3374 1195 3482 tyrannide

63 3503 169 3591 Quod
197 3522 283 3576 vero
314 3503 409 3575 solas
436 3504 542 3595 leges
572 3497 663 3596 quae
697 3525 893 3597 segregem
924 3505 1037 3576 vitam
1071 3498 1196 3602 respi-I·

63 3624 166 3695 ciunt
188 3615 372 3692 naturales
394 3614 597 3715 appellavit,
614 3615 719 3714 quasi
740 3622 830 3694 aliae
853 3623 941 3694 illud
957 3611 1090 3696 nornen
1105 3645 1180 3697 non

62 3740 302 3822 mererentur,
334 3737 403 3808 hoc
434 3738 606 3831 temporis
641 3730 800 3809 moribus
829 3731 1081 3834 imputandum
1105 3732 1199 3813 est.-

62 3857 156 3927 Nam
193 3849 397 3947 philosophi
431 3848 632 3924 naturalem
661 3874 792 3925 vocare
826 3848 1000 3926 solebant
1024 3848 1179 3928 hominis

65 3978 202 4045 statum
216 3971 277 4063 qui
293 3966 370 4039 sine
392 3966 565 4041 societate
581 3970 734 4055 viveret,
753 3991 794 4041 ac
814 3972 977 4045 naturale
993 3974 1055 4065 jus
1075 3975 1198 4066 leges.¹

66 4109 157 4186 quae
183 4089 221 4158 in
249 4081 314 4159 tali
340 4081 439 4158 statu
468 4087 754 4159 observarentur:
777 4088 1004 4161 Secundatus
1031 4088 1200 4163 verbum·

94 4316 126 4380 (¹)
143 4313 202 4366 Leia
209 4314 375 4379 positivcssl,
385 4313 420 4376 3).
