2790 4950
676 733 726 803 Ill

183 1011 254 1082 Est
267 1016 389 1081 autern
401 1009 595 1102 peculiaris
609 1010 785 1102 quaedam
797 1009 896 1080 notio
915 1030 1022 1102 quae,
1038 1011 1260 1104 temporibus

137 1127 289 1211 nostris,
300 1125 467 1218 politicae
478 1124 870 1196 scientiaemethodum
882 1127 1260 1218 renovavitquamque

143 1242 376 1313 Secundatus
392 1242 583 1333 ignorasse
600 1240 761 1325 videtur3
786 1241 877 1312 haeo
894 1247 952 1312 est
968 1281 1010 1292 —
1029 1242 1061 1311 si
1081 1241 1260 1313 Gallicum

139 1358 294 1429 verbum
314 1358 353 1426 in
373 1357 523 1428 latinam
546 1357 711 1447 linguam
728 1377 844 1450 paene
863 1357 1050 1449 integrum
1064 1359 1259 1430 transferre

137 1474 249 1545 liceat
272 1514 317 1535 -v
340 1473 438 1545 notio
465 1493 697 1567 progressus.
729 1472 802 1544 Sed
825 1472 863 1543 in
893 1494 963 1563 quo
993 1473 1055 1544 illa
1082 1475 1261 1547 consistat

138 1588 341 1660 videamus.
564 1582 567 1588 ’
1237 1607 1239 1611 ’

184 1704 223 1774 Si
256 1704 379 1797 populi
413 1704 509 1775 inter
545 1724 584 1775 se
622 1708 887 1796 comparantur,
921 1703 1076 1797 primum
1108 1711 1260 1797 apparet

139 1826 259 1892 certas
275 1819 408 1891 formas
424 1824 487 1889 aut
503 1819 757 1912 proprietates,
773 1841 864 1911 quae
881 1820 1028 1892 intimae
1043 1820 1259 1893 societatum

136 1942 289 2007 naturae
307 1935 495 2007 manifeste
510 1934 714 2024 inhaerent,
730 1922 825 2028 apud
843 1936 1019 2029 quosdam
1034 1936 1097 2006 vix
1117 1936 1259 2008 inchoa·

137 2059 208 2137 tas,
226 2051 322 2145 apud
348 2052 437 2122 alios
457 2056 584 2121 contra
605 2051 826 2142 insigniores
847 2073 947 2136 esse;
968 2051 1027 2122 alii
1047 2053 1149 2145 parvi
1171 2059 1258 2125 sunt
1281 2136 1284 2141 ,

137 2175 175 2239 et
191 2189 256 2260 per
272 2173 377 2238 vasta
402 2167 519 2260 spatia
544 2165 711 2259 dispersi,
737 2167 796 2237 alii
816 2168 970 2260 majores
991 2173 1029 2239 et
1051 2168 1171 2252 densi3
1198 2162 1256 2239 alii

137 2284 235 2355 omni
255 2283 414 2354 stabilito
441 2282 591 2375 imperio
619 2288 758 2371 carent,
788 2282 874 2352 dum
902 2283 997 2376 apud
1023 2284 1112 2355 alios
1139 2277 1258 2378 reipu-

135 2399 253 2469 blicae
289 2397 551 2468 administratio
590 2418 664 2468 non
693 2397 798 2468 modo
836 2399 1082 2484 constituitur,
1115 2399 1179 2472 sed
1211 2403 1256 2471 ad

139 2535 266 2586 omnes
282 2513 442 2605 eorporis
459 2512 595 2606 politici
606 2519 730 2606 partes
748 2535 851 2583 suam
862 2513 936 2583 vim
949 2514 1132 2600 extendit;
1147 2523 1256 2609 atque

136 2636 224 2701 sunt
235 2629 331 2700 inter
347 2649 409 2700 eos
426 2629 605 2701 innumeri
618 2629 756 2721 gradus
768 2630 987 2724 interpositi.
1003 2632 1144 2725 Itaque,
1159 2633 1256 2725 quod

135 2745 181 2816 ad
204 2744 274 2816 hoc
301 2745 472 2837 pertinet,
491 2767 564 2816 non
586 2765 724 2830 omnes,
746 2751 788 2816 ut
811 2746 862 2818 ita
888 2746 1018 2832 dicam,
1037 2748 1255 2840 dignitatem

135 2861 283 2946 habent,
310 2861 374 2932 sed
394 2861 452 2931 olii
474 2861 553 2932 aliis
575 2862 780 2954 superiores
801 2868 864 2933 aut
884 2862 1070 2936 inferiores
1091 2863 1161 2935 dici
1177 2870 1256 2959 pos-

135 2983 235 3049 sunt.
263 2977 458 3051 Praeterea
481 2979 713 3050 observatum
735 2984 793 3051 est
813 2980 1018 3072 superiores
1042 3003 1089 3053 ex
1113 2981 1256 3053 inferio·

135 3095 234 3165 ribus
253 3100 359 3165 natos
381 3115 475 3166 esse.
499 3093 677 3184 Equidem
696 3116 769 3165 non
791 3094 871 3166 dieo
893 3096 1110 3170 societatum
1126 3078 1255 3170 seriem

135 3216 256 3283 rectae
268 3210 385 3282 lineae
397 3210 546 3280 formam
557 3209 688 3282 habere
702 3199 806 3304 cujus
820 3212 1008 3283 novissimi
1025 3197 1148 3307 populi
1164 3235 1257 3284 sum·

134 3350 242 3412 mam,
258 3326 396 3418 antiqui
412 3347 498 3398 vero
512 3327 619 3397 imam
633 3327 901 3400 extremitatem
914 3335 1111 3423 occupent3
1130 3335 1257 3402 contre

134 3444 270 3515 arboris
295 3443 454 3536 speciem
475 3444 596 3536 potius
620 3443 767 3516 affectat
792 3445 896 3538 cujus
918 3445 1007 3516 rami
1031 3446 1256 3518 indiversus

134 3559 306 3652 regiones
340 3557 599 3631 extenduntur.
629 3561 681 3630 At
707 3580 836 3653 parum
862 3557 899 3630 id
929 3562 1106 3654 propositi
1134 3562 1252 3633 refert.

134 3674 377 3747 Nihilominus
393 3695 522 3746 verum
543 3680 659 3747 restat
681 3674 877 3747 societates
893 3676 982 3747 alias
998 3677 1041 3748 ab
1060 3677 1139 3749 aliis
1157 3683 1255 3750 ortas

135 3812 216 3864 esse
231 3796 268 3863 et
280 3791 503 3865 recentiores
517 3790 694 3884 prioribus
707 3798 913 3886 praestare3
930 3792 999 3866 hoc
1014 3799 1072 3866 est
1085 3794 1181 3887 quod
1194 3796 1258 3864 hu·

135 3908 232 3979 mani
249 3908 399 4000 generis
418 3910 714 4001 progressionem
730 3909 963 4003 appellamus.
984 3910 1022 3980 Si
1038 3931 1125 3982 vero
1143 3931 1257 3982 unum

134 4023 309 4117 populum
326 4045 372 4096 ex
386 4045 428 4104 ,se
445 4022 668 4111 consideres,
686 4024 781 4097 idem
805 4026 1018 4120 reperietur.
1041 4025 1188 4118 Scilicet
1212 4048 1257 4099 ex

133 4146 297 4234 tempore
321 4160 391 4232 qno
415 4160 497 4212 esse
524 4139 653 4234 incipit
676 4160 786 4234 supra
809 4141 981 4237 speciem,
1014 4161 1034 4213 e
1060 4132 1131 4234 qua
1156 4147 1257 4214 ortus

135 4262 205 4341 est,
237 4276 318 4327 sese
345 4255 518 4349 paulatim
546 4255 688 4328 extollit
715 4254 967 4349 humanaeque
983 4262 1144 4329 naturae
1177 4278 1257 4352 pro·
