2790 4950
563 749 713 829 CAPUT
744 749 994 829 SECUNDUM

284 1016 468 1076 cursurus
492 1012 672 1066 scmurnu
696 1009 875 1064 rotinere
896 986 1084 1064 urrunnu
1107 985 1287 1066 nnornnu
1331 1030 1334 1037 ν

520 1108 745 1192 sucnunurus
768 1099 1079 1192 sssmunvnnrn
1135 1154 1138 1160 ·
1227 1153 1230 1158 ·
1331 1134 1334 1160 ι

747 1469 791 1540 4Ι

253 1704 398 1794 ¹Mirum
415 1729 472 1793 est
489 1719 600 1793 toties
619 1715 845 1814 disputatum
858 1741 940 1794 esse
956 1720 1041 1815 quid
1058 1722 1338 1816 Secundatusin

222 1840 311 1911 libro
329 1860 395 1910 suo
413 1838 480 1908 sibi
498 1837 757 1909 destinaverit:
775 1834 905 1931 nempe
922 1837 1139 1931 inpluribus
1155 1841 1248 1912 locis
1266 1826 1340 1937 ipsc*

222 1977 289 2027 nos
306 1960 430 2026 monet
447 1953 532 2047 quid
556 1953 781 2047 propositum
795 1953 938 2025 habeat.
958 1983 975 2018 «
991 1954 1068 2048 Hcc
1087 1975 1192 2049 opus,
1210 1956 1338 2052 inquit,

120 2125 123 2133 ,
222 2095 286 2167 pro
299 2072 449 2144 materia
464 2070 705 2162 habctsleges
719 2092 839 2142 mores
851 2071 1041 2165 variasque
1056 2061 1341 2147 consuetudines

223 2189 381 2261 omnium
410 2194 528 2260 terrac
554 2187 781 2290 populorum.
804 2187 1021 2259 Immensum
1042 2188 1136 2260 hanc
1153 2193 1341 2265 materiem

222 2306 350 2379 meritc
377 2306 550 2399 appelles,
577 2301 708 2397 quippe
734 2305 1342 2405 quaeromniainstitutaamplec-

222 2426 321 2496 tatur
337 2444 428 2515 quae
446 2419 541 2516 apud
560 2420 726 2492 homines
748 2422 873 2493 valent
891 2424 942 2513 (¹).
958 2448 983 2486 >>·
999 2411 1234 2495 Secundatus
1252 2438 1346 2522 erge

222 2563 280 2612 res
297 2539 463 2635 politicas
479 2538 529 2608 ita
541 2542 698 2609 tractare
720 2537 936 2630 aggreditur
949 2545 993 2619 ut
1009 2560 1084 2624 eas,
1108 2540 1234 2633 quales
1252 2543 1347 2630 sint,

222 2663 418 2742 scrutetur,
437 2684 455 2720 «
468 2676 591 2726 earum
604 2655 765 2747 origines
780 2656 938 2749 inquirat
953 2677 1154 2750 causasque
1168 2662 1338 2752 reperiat,

222 2782 260 2847 et
291 2795 382 2867 quae
414 2772 452 2842 in
484 2793 674 2866 corporum
705 2777 744 2843 et
775 2795 865 2866 quae
903 2773 941 2843 in
974 2774 1173 2845 animorum
1208 2782 1342 2849 natura

217 2894 343 2985 jacent
358 2890 414 2983 (l).
429 2918 445 2953 >›
464 2887 703 2981 chislatoris
721 2894 843 2961 autem
862 2896 993 2983 partes
1008 2891 1104 2964 vires
1128 2914 1214 2962 suas
1235 2915 1342 2967 exce·

224 3009 307 3079 dere
344 3006 529 3077 humiliter
563 3004 724 3077 declarat
760 3006 894 3078 nedum
931 3029 994 3078 eas
1027 3008 1184 3098 affectet,
1220 3032 1340 3104 neque

219 3122 432 3219 praesertim
466 3143 589 3194 eorum
614 3123 819 3215 exemplum
846 3122 1009 3193 imitatur
1035 3125 1096 3217 qui
1123 3125 1340 3198 societatem

221 3265 265 3315 ex
280 3241 425 3332 integro
442 3239 590 3311 reficere
614 3239 831 3332 suscipiunt.
854 3239 968 3311 «Non
992 3239 1122 3325 scribe,
1148 3241 1280 3334 inquit,
1298 3252 1342 3315 ut

220 3356 480 3452 reprehendam
493 3378 585 3450 quae
603 3357 642 3426 in
660 3356 819 3448 qualibet
835 3361 948 3447 gente
965 3356 1135 3428 instituta
1151 3364 1249 3429 sunt.
1265 3358 1340 3431 Sed

220 3475 375 3570 populus
408 3474 560 3567 quisque
584 3473 622 3544 in
649 3494 730 3543 meo
755 3470 844 3543 libro
867 3473 1030 3545 inveniet
1060 3480 1339 3569 praeceptorum

221 3592 497 3687 explicationem
511 3611 602 3684 quae
621 3589 825 3682 sequitur...
842 3590 880 3660 Si
896 3611 954 3661 res
971 3589 1057 3660 mihi
1073 3591 1125 3661 ita
1141 3593 1339 3665 succedere

219 3708 336 3802 possit
351 3713 394 3778 ut
413 3729 537 3778 omncs
554 3707 653 3778 cives
669 3727 783 3778 novas
801 3707 959 3779 rationes
975 3706 1142 3791 habeant,
1158 3714 1201 3779 ut
1221 3709 1340 3779 officia

223 3848 301 3910 sua,
326 3843 412 3895 suos
438 3823 633 3918 principes
659 3845 763 3893 suam
789 3823 956 3916 patriam,
979 3845 1065 3893 suas
1084 3824 1189 3915 leges
1208 3826 1340 3896 melius

220 3942 375 4031 diligant
394 3946 431 4012 et
452 3941 572 4032 magis
593 3939 730 4012 conscii
754 3960 841 4011 suae
864 3940 1047 4011 felicitatis
1065 3940 1278 4028 efficiantur,
1300 3942 1340 4013 in

248 4166 279 4227 (¹)
295 4165 410 4228 De'fense
423 4165 455 4218 de
468 4164 579 4229 l'Esprit
592 4163 638 4215 des
647 4164 722 4228 [οἰκ
732 4166 848 4215 secunda
860 4178 929 4228 pars,
942 4163 1025 4214 initio.

248 4246 280 4309 (²)
295 4246 355 4296 Lcc.
371 4247 417 4296 cit.
