2790 4950
617 345 656 359 ..
674 313 717 377 54
734 347 776 362 ...

133 446 417 544 primoquidem
446 446 633 545 adspectu,
656 467 747 519 cnm
775 448 910 540 ordinis
935 449 1027 545 certi
1050 449 1239 524 'existentia

134 587 208 636 non
229 566 322 636 coire
342 567 450 659 posse
467 563 632 648 videtum
648 568 818 657 namque,
837 565 869 635 si
887 565 939 635 ita
954 585 993 636 se
1011 564 1072 637 res
1088 565 1240 652 haberet,

135 683 380 754 connexiones
391 681 490 753 'inter
505 683 640 752 c'au'sas'
654 687 691 754 et
706 680 860 753 effectus
870 702 944 752 non
956 685 1241 755 constantes'uee

134 797 302 871 immotae
318 801 519 868 manerent.
538 797 665 890 Itaque
686 798 795 869 refert
779 800 917 890 tquae
933 798 981 870 sit
965 799 1098 873 thaee
1114 800 1241 871 contin·

135 915 262 1006 gentia
274 913 443 1011 definire;
455 934 540 983 nam
551 912 657 985 valde
673 913 880 985 timendum
887 921 947 987 est
959 919 1006 987 ne
1015 915 1241 1047 'fundamenta

134 1030 213 1124 ipsa
234 1030 402 1123 politicae
422 1028 595 1100 scientiae
612 1035 744 1101 eruat
895 1037 899 1044 '
1183 1045 1186 1053 '

145 1145 379 1218 Forsitan
369 1167 407 1215 ιιι
436 1151 595 1237 mentem
618 1145 684 1216 tibi
718 1145 843 1218 veniet
869 1145 1056 1245 Secn'ndat
1057 1157 1125 1240 um,
1155 1149 1239 1220 hanc

135 1247 423 1353 contingentiam
452 1260 628 1332 statuisse
661 1261 755 1352 quia,
782 1269 825 1332 ea
851 1261 1005 1347 sublata,
1031 1269 1070 1339 et
1092 1262 1241 1335 humana

134 1377 281 1448 libertas
294 1377 372 1448 tolli
388 1362 567 1447 videatur.
583 1378 645 1462 At,
660 1376 694 1446 si
709 1375 804 1447 hanc
819 1397 968 1448 causam
983 1399 1070 1450 vere
1087 1377 1240 1463 haberet,

136 1493 212 1563 sine
224 1491 299 1563 ulla
311 1493 524 1586 exceptione
538 1496 638 1565 esset
650 1497 813 1563 ettotam
826 1492 940 1564 vitam
956 1495 1237 1587 amplecteretur.

134 1609 266 1680 Mirum
282 1615 404 1680 autem
418 1615 518 1700 esset
533 1609 746 1702 scriptorem
758 1615 922 1685 nostrum
936 1632 959 1680 a
972 1631 1014 1682 se
1030 1611 1112 1706 ipso
1122 1612 1175 1709 ita
1185 1612 1242 1682 dis·

136 1725 308 1811 sensisse,
327 1725 459 1820 qnippe
477 1725 538 1816 qui
554 1723 718 1797 homines
735 1731 772 1797 et
786 1724 983 1800 societates
1004 1727 1152 1818 legibus
1166 1729 1240 1818 'regi

135 1847 212 1911 tam'
229 1841 412 1935 expressis
435 1840 555 1912 verbis
582 1840 820 1914 declaraverit
842 1861 976 1933 easque
998 1844 1157 1934 reperire
1178 1851 1242 1915 ten-

135 1958 278 2028 taverit.
288 1956 487 2028 'Praeterea
499 1957 642 2029 minime
656 1956 846 2028 verisimile
858 1957 1036 2048 est'huius
1049 1958 1241 2030 doctrinan

136 2079 360 2166 quacumque
377 2072 627 2166 metaphysica
643 2072 830 2143 fundatam
847 2058 940 2145 esse.
959 2073 1057 2144 Nihil
1075 2082 1135 2149 est
1156 2077 1241 2148 enin

135 2190 173 2259 in
204 2195 282 2260 toto
319 2210 426 2283 opere
461 2189 555 2282 quod
586 2189 742 2281 aliquam
772 2189 1103 2283 metaphysicarum
1127 2213 1241 2290 quaes·

136 2306 276 2375 tionum
307 2325 429 2375 curam
457 2303 642 2390 ostendat;
676 2327 856 2398 nusquam
887 2305 931 2376 de
961 2305 1074 2378 libero
1104 2307 1241 2378 arbitrio

137 2422 271 2513 agitur.
295 2420 419 2513 Itaque
443 2443 515 2491 non
540 2427 596 2492 est
620 2441 683 2491 cur
709 2420 799 2492 haec
824 2420 1120 2515 philosophorum
1142 2424 1243 2517 hypo

137 2537 252 2610 thesis
271 2541 410 2608 tantam
426 2536 521 2630 apud
541 2558 623 2608 eum
641 2537 715 2607 vim
735 2535 913 2608 habuerit.
938 2536 1113 2610 Ceterum
1134 2546 1192 2610 est
1212 2540 1243 2608 in

134 2655 247 2748 primo
262 2653 342 2725 libri
360 2653 478 2748 capite
493 2654 595 2723 locus
608 2653 669 2746 qui
685 2653 778 2724 hanc
792 2653 1130 2745 interpretationem
1142 2656 1243 2727 mani·

133 2769 226 2843 festo
243 2770 384 2841 refellit.
404 2769 498 2838 Nam
512 2768 744 2855 Secundatus
759 2767 854 2839 hanc
869 2769 1163 2860 contingentiam
1179 2783 1243 2842 non

134 2884 289 2956 hominis
305 2885 484 2980 propriam
503 2905 584 2956 esse
607 2884 706 2970 dicit,
730 2884 794 2956 sed
816 2885 976 2957 eamdem
998 2891 1036 2956 et
1058 2885 1098 2956 in
1119 2888 1243 2960 ceteris

135 3001 348 3097 animalibus
380 3000 526 3095 reperit,
550 3001 630 3090 imo
648 3001 686 3073 in
713 2987 847 3095 plantis
877 3000 967 3096 ipsis
999 2999 1146 3077 omnino
1178 3025 1243 3074 non

135 3118 262 3189 abesse
279 3112 486 3189 existimare
505 3115 650 3188 videtur
668 3118 723 3208 (¹).

174 3235 261 3328 -Ipse
282 3256 349 3306 nos
372 3238 495 3304 monet
516 3254 555 3303 se
575 3228 668 3302 hano
689 3233 978 3324 contingentiam
998 3234 1243 3306 tantummodo

136 3351 405 3444 excogitatisse
429 3355 471 3420 ut
495 3371 633 3420 errores
654 3349 762 3422 unde.
779 3351 939 3422 existant
965 3350 1147 3444 explicare
1169 3373 1244 3447 pos-

136 3470 259 3561 sate).
288 3467 326 3538 Si
351 3467 447 3538 enim
470 3487 655 3560 nunquam
686 3487 898 3551 erraremus,
928 3472 1078 3538 naturae
1103 3475 1243 3540 nostrae

148 3665 194 3728 ’(1)
212 3665 293 3730 «(Les
310 3663 393 3727 betas)
410 3669 457 3714 ont
473 3663 519 3713 des
536 3661 586 3714 lois
601 3663 754 3727 naturelles‚
770 3676 848 3727 parce
862 3662 971 3727 qu'elles
987 3668 1049 3714 sont
1064 3663 1144 3714 unies
1162 3679 1209 3728 par
1223 3665 1246 3716 le

134 3745 304 3810 sentiment...
324 3743 394 3795 Elles
413 3759 447 3807 ne
463 3744 566 3795 suivant
584 3757 629 3808 pas
643 3749 769 3807 pourtant
786 3743 1004 3795 invariablement
1021 3743 1093 3794 leurs
1109 3743 1170 3795 lois
1178 3749 1250 3796 natu·

133 3826 226 3876 relles:
238 3826 278 3876 les
288 3825 398 3889 plantes,
407 3839 441 3875 en
452 3824 497 3889 qui
509 3838 576 3876 nous
587 3839 620 3875 ne
631 3839 803 3890 remarquons
816 3824 842 3878 ni
854 3823 1040 3877 connaissance
1053 3823 1081 3880 ni
1097 3825 1248 3916 sentiment,

134 3908 172 3956 les
183 3906 286 3956 suivant
296 3906 391 3956 mieux.
400 3905 461 3969 p(l,
473 3905 497 3956 l
499 3905 512 3969 )

164 3986 195 4048 (¹)
215 3986 288 4036 oll’
269 4001 323 4036 sen
335 3987 389 4037 faut
400 4000 454 4050 que
464 3985 489 4036 le
502 3985 598 4037 monde
615 3985 764 4051 intelligent
779 3985 828 4036 scit
845 3985 914 4036 aussi
931 3985 992 4036 bien
1008 3987 1142 4049 gouverne
1158 4001 1210 4051 qne
1225 3987 1248 4038 le

134 4067 230 4118 monde
242 4066 399 4132 physiqua...
411 4067 446 4124 La
456 4067 544 4126 raison
555 4081 590 4118 an
600 4072 640 4119 est
651 4081 702 4132 que
713 4067 752 4118 les
763 4070 831 4119 utres
838 4066 1005 4132 particuliers
1016 4065 1183 4131 intelligents
1193 4071 1250 4124 sont

134 4143 287 4207 bornespar
296 4143 355 4196 leur
370 4146 464 4207 nutura
478 4149 503 4207 et
505 4159 572 4209 ,par
586 4145 756 4208 consequent,
768 4144 849 4208 sujets
866 4159 883 4199 a
897 4145 1022 4210 l’erraur,
1041 4149 1077 4208 st,
1085 4144 1160 4196 d’un
1180 4151 1253 4196 autre

133 4224 199 4288 cute,
211 4224 229 4274 il
240 4230 279 4274 est
291 4225 323 4276 de
331 4226 391 4277 leur
401 4229 496 4277 nature
507 4240 544 4290 qu
544 4225 585 4276 rls
603 4225 717 4290 egissent
734 4239 781 4289 par
795 4239 857 4276 eux-
846 4227 967 4276 Umemes
975 4223 1069 4317 ιω.
1080 4223 1120 4277 Cl.
1132 4224 1259 4290 ejusdem

134 4304 323 4368 capitisfinem.
325 4306 336 4370 )
