2790 4950
685 334 843 395 ..72-

201 465 490 560 philosophatur.
524 463 597 538 Sed
625 467 663 536 in
693 467 774 560 ipsa
802 466 882 560 ejus
917 465 1082 557 doctrina
1111 467 1231 538 latent
1261 488 1323 538 nec

201 580 344 654 difficile
361 587 419 654 est
435 604 478 654 ea
492 580 701 676 perspicere
721 587 758 655 et
773 582 812 652 in
826 583 947 654 lucem
968 580 1088 654 edere.
1143 568 1148 581 ’

226 751 229 769 .
246 697 375 782 Qualia
385 720 473 769 vero
487 704 614 770 essent
627 720 736 791 supra
747 697 919 768 vidimus.
933 697 966 769 N
970 720 1016 769 on
1028 697 1135 769 modo
1148 698 1326 770 intellexit

200 834 259 885 res
274 810 442 906 politicas
460 810 635 884 scientiae
652 814 840 884 materiam
855 833 951 898 esse,
969 811 1035 883 sed
1052 813 1271 900 cardinales,
1287 821 1326 883 ut

201 929 253 999 ita
272 926 402 1011 dicam,
431 926 612 1013 notiones,
642 949 734 1021 quae
758 926 867 1021 hujus
901 927 1076 1001 scientiae
1104 928 1327 1000 institutioni

178 1067 180 1071 ·
197 1044 429 1116 necessariae
450 1048 565 1128 erant,
583 1064 646 1137 pro
662 1050 766 1136 parte
780 1040 986 1115 constituit.
1005 1043 1080 1114 Eae
1095 1051 1221 1116 autem
1237 1043 1328 1116 duae

202 1166 311 1230 sunt:
330 1159 430 1230 notio
447 1160 596 1251 generis
613 1181 656 1231 ac
672 1159 897 1261 notiollegia

160 1278 164 1288 ’
245 1273 378 1347 Earum
393 1275 491 1369 prior
518 1275 555 1344 in
573 1266 783 1347 secundatis
796 1264 994 1348 librosine
1022 1274 1130 1345 dubio
1161 1282 1326 1370 apparet.

203 1391 385 1463 Monstrat
399 1391 494 1462 enim
506 1412 580 1462 non
595 1390 700 1461 modo
713 1391 844 1460 summi
854 1390 996 1486 imperii
1010 1391 1328 1481 constitutionem,

203 1508 267 1580 sed
283 1514 398 1580 totam
415 1508 558 1579 civilem
580 1508 693 1578 vitam
720 1529 740 1578 1
764 1507 1001 1580 societatibus
1025 1508 1207 1579 diversam
1229 1529 1329 1593 esse,

201 1624 367 1713 diversas
383 1642 469 1694 vero
499 1624 581 1694 illas
596 1623 728 1694 formas
742 1645 804 1694 eas
821 1630 944 1694 tamen
965 1645 1047 1708 esse
1066 1645 1158 1717 quae
1174 1623 1275 1715 inter
1291 1644 1332 1696 se

203 1739 358 1810 conferri
375 1745 521 1832 queant.
539 1737 618 1809 Hoc
635 1744 762 1827 autem
773 1738 1020 1826 necessarium
1037 1744 1116 1810 erat
1130 1744 1173 1809 ut
1188 1758 1333 1832 genera

204 1876 246 1927 ac
274 1855 416 1949 species
449 1855 782 1946 distinguerentur;
809 1876 894 1924 nam
918 1876 993 1926 non
1016 1854 1106 1944 satis
1129 1861 1189 1926 ast
1214 1848 1334 1927 socie·

203 1975 300 2041 tates
328 1991 374 2041 ex
399 1992 473 2040 una
501 1976 565 2040 aut
592 1971 705 2042 altera
733 1975 836 2063 parte
868 1961 1042 2063 quasdam
1068 1970 1331 2061 similitudines

205 2086 346 2170 offerre,
361 2086 427 2156 sed
442 2091 557 2156 totam
573 2085 781 2175 earumdem
804 2092 1027 2156 structuram
1047 2092 1084 2158 et
1098 2084 1214 2176 vitam
1233 2107 1334 2158 com·

204 2201 324 2295 parari
350 2221 458 2295 posse
481 2207 635 2293 oportet.
663 2200 758 2286 Quin
789 2201 911 2283 etiam,
929 2222 1003 2273 non
1024 2200 1130 2272 modo
1150 2189 1334 2296 principia

205 2317 341 2410 posuit,
354 2316 425 2388 sed
439 2317 484 2386 iis
499 2317 597 2388 haud
612 2317 804 2388 infeliciter
818 2337 910 2388 usus
927 2324 1002 2403 est;
1021 2338 1065 2389 ea
1086 2317 1182 2389 enim
1197 2314 1333 2390 divisio

206 2454 315 2525 quarn
328 2433 486 2523 tentavit
501 2433 618 2526 ipsam
630 2455 750 2503 rerum
764 2433 979 2529 diuisionem
993 2450 1068 2515 uon
1080 2433 1158 2504 sine
1171 2433 1335 2526 quadam

204 2550 282 2618 veri
284 2553 360 2618 tate
378 2549 558 2641 exprimit.
581 2547 732 2619 Duobus
754 2547 934 2642 punctis
923 2554 1067 2621 tantum
1088 2557 1232 2643 peccat.
1255 2548 1336 2643 Pri·

205 2648 304 2730 mum
326 2661 416 2733 falso
439 2663 562 2775 posuit
587 2662 719 2733 formas
745 2662 962 2734 societatum
988 2684 1007 2734 e
1031 2665 1163 2735 summi
1186 2665 1334 2758 imperii

202 2778 326 2863 formis
351 2779 453 2872 sequi
476 2779 593 2872 iisque
619 2779 760 2851 definiri
788 2800 910 2873 posse.
927 2771 1123 2852 Praeterea
1150 2803 1266 2873 unum
1284 2804 1334 2876 ex

204 2894 420 2985 generibus
430 2917 521 2989 quae
550 2895 758 2989 distinguit,
790 2895 827 2966 id
855 2901 914 2966 est
939 2894 1158 2990 Tyrannida,
1190 2898 1334 2992 aliquid

203 3008 340 3099 vitiosi·
358 3031 435 3103 per
455 3032 494 3082 se
526 3009 658 3083 habere
682 3011 806 3101 'ducit3
837 3010 934 3104 quod
964 3033 986 3081 a
1015 3013 1163 3105 generis
1196 3019 1336 3086 natura

205 3123 386 3215 abhorret.
404 3124 498 3197 Nam
511 3126 716 3220 unicuique
729 3126 858 3220 generi
875 3148 943 3197 sua
957 3127 1131 3219 perfectio
1147 3135 1207 3200 est
1222 3151 1333 3218 quae,

202 3259 269 3334 pro
292 3242 467 3353 temporis
491 3242 633 3336 locique
662 3242 785 3315 condit
786 3242 931 3317 ionibus
960 3243 1090 3336 quibus
1115 3245 1333 3338 respondet,

205 3346 409 3428 ceterorum
423 3357 637 3451 perfectioni
649 3379 770 3453 aequa
784 3350 854 3431 est.

248 3468 360 3563 Legis
376 3492 463 3543 vero
479 3472 665 3545 notionem
681 3466 873 3561 difficilius
885 3479 964 3562 erat
983 3496 1030 3546 ex
1046 3474 1125 3545 aliis
1147 3440 1332 3567 scientiis,

204 3588 304 3658 ubi
289 3611 366 3681 Jam
391 3589 487 3676 exist
471 3589 619 3675 etbat,
609 3613 647 3661 1n
674 3597 844 3677 nostram
872 3578 1080 3663 transferre.
1099 3589 1305 3662 Etenim
1293 3616 1334 3665 ιιι

203 3705 302 3800 Ιοιιιιιὶ
325 3705 480 3778 scientia
503 3706 651 3800 generis
664 3706 774 3795 notio
798 3707 896 3802 prior
911 3674 1335 3800 semperapparetquia

204 3818 364 3891 humana
391 3829 514 3894 mente
545 3822 748 3916 promptius
780 3809 994 3917 concipitur.
1025 3820 1120 3893 Nam
1149 3821 1240 3893 satis
1272 3830 1335 3895 est

207 3938 331 4009 oculos
347 3938 385 4007 in
400 3959 459 4008 res
477 3939 654 4031 conjicere
677 3946 721 4010 ut
742 3939 920 4032 quaedam
938 3937 1194 4010 similitudines
1206 3936 1334 4034 111111-

205 4052 409 4124 terentiae
399 4074 438 4122 ιιι
460 4053 504 4124 111
528 4054 823 4127 animadvertant
804 4061 875 4126 tur.
893 4052 1031 4126 Definit
1015 4060 1075 4126 111
1096 4060 1222 4126 autern
1245 4053 1331 4126 illae

207 4169 465 4257 connexiones,
476 4194 567 4265 quas
578 4172 684 4263 leges
696 4172 933 4272 appellamus,
948 4169 1032 4263 quia
1043 4190 1165 4261 rerum
1174 4153 1330 4260 naturae

205 4284 392 4377 propiores
413 4282 512 4374 fiunt,
528 4288 625 4359 intra
643 4289 695 4358 lat
679 4293 776 4373 tent3
798 4288 1043 4359 velamentum
1073 4286 1176 4379 quasi
1200 4285 1247 4357 iis
1268 4266 1330 4358 11
