2790 4950
684 309 842 370 „74-

203 440 308 510 aliam
324 446 433 534 atque
459 441 497 511 in
519 440 650 513 ceteris
673 447 824 512 naturae
847 440 1023 513 scientiis.
1045 441 1124 513 Hoc
1145 447 1204 514 est
1228 443 1327 535 quod

205 555 334 632 Oomte
358 555 443 627 hnic
469 557 644 630 scientiae
669 557 841 629 conferet.
864 556 924 628 Ex·
947 557 1043 650 legis
1064 558 1214 631 notione
1243 559 1328 630 alie·

203 694 291 743 num
303 673 404 758 illud,
421 673 516 766 quod
532 695 613 746 eam
631 673 833 745 etiamtum
846 673 1012 760 vitiabat,
1023 671 1196 766 purgabit
1213 680 1326 767 atque

203 787 411 861 inductivae
430 788 613 874 methodo,
631 795 674 860 ut
692 810 848 882 aequum
864 794 933 873 est,
951 789 1085 883 primas
1101 795 1227 883 partes
1246 790 1328 861 vin·

203 903 348 976 dicabit.
363 904 456 974 Tum
473 905 626 976 scientia
640 910 766 975 nostra
782 905 928 977 conscia
945 905 1014 977 erit
1030 911 1069 977 et
1081 926 1152 998 quo
1169 906 1326 978 tendere

204 1019 333 1091 debeat
361 1026 398 1092 et
419 1041 491 1113 qua
510 1019 587 1104 via;
614 1026 694 1093 tum
712 1020 830 1092 omnia
855 1020 929 1092 fere
954 1020 1202 1103 fundamenta,
1231 1042 1326 1112 quae

203 1135 410 1206 necessaria
433 1141 537 1206 erant
559 1140 602 1206 ut
625 1112 806 1207 aedificari
832 1141 971 1229 posset,
996 1134 1146 1206 stabunt
1172 1157 1328 1230 praepa-

203 1257 292 1322 rata.
317 1250 373 1320 Ex
400 1250 469 1323 hoo
497 1252 670 1345 opusculo
699 1250 862 1350 judicare
886 1252 973 1324 lieet
998 1273 1198 1346 quaepars
1222 1251 1328 1323 inea

203 1367 476 1460 praeparatione
496 1367 693 1439 Secundati
706 1367 827 1439 fuerit.

766 1687 827 1746 anr
843 1699 877 1738 rc
893 1699 1027 1738 anninor:

660 1824 775 1877 Lutetiae
785 1825 955 1890 Parisiorum,
966 1825 994 1877 in
1006 1825 1132 1887 Sarbena,

606 1935 630 1971 a.
645 1915 677 1972 D.
693 1921 725 1971 X.
744 1920 800 1971 Kal.
818 1922 874 1972 dec.
892 1936 954 1972 ann.
979 1921 1027 1972 MD
1035 1919 1179 1973 cccxcll.

681 2116 852 2174 Facultatis
867 2116 1050 2175 Litterarum
1063 2117 1095 2175 ia
1108 2117 1279 2188 Academia

717 2223 890 2282 Parisiaasr'
904 2225 1051 2291 Decanao,

925 2378 971 2446 A.
998 2372 1164 2445 HIMLY.
1213 2416 1217 2420 ·

368 2556 448 2617 Trrrs
464 2579 628 2619 rannnron:

240 2722 421 2782 Academiae
433 2723 620 2784 Parisiensr's
633 2730 742 2794 rector,

397 2852 605 2947 GREARD.
