2790 4950
561 304 721 364 ...73-

81 435 245 505 tenditur
261 433 356 526 quod
372 434 525 526 primum
542 434 799 504 removendum
816 443 873 507 est
892 443 934 507 ut
951 437 1051 530 ipsac
1068 439 1202 531 attingi

67 557 119 621 -et
140 551 179 619 in
198 551 318 620 luceru
340 548 489 641 proferri
510 548 665 641 possint.
683 547 889 636 Praeterea,
907 552 1004 646 quod
1019 553 1065 624 ad
1084 555 1202 646 politi·

83 685 162 736 carn
189 664 378 736 scientiam
404 663 636 758 peculiariter
661 664 806 749 attinet,
832 667 996 761 propriae
1023 669 1201 761 quaedam

83 780 317 851 difficultates
339 785 444 851 eraut
470 800 561 871 quae
585 778 754 851 enatura
777 781 893 875 ipsius
917 783 1085 877 politicae
1105 785 1202 858 vitae

82 896 341 989 sequebantur.
377 895 479 967 Adeo
513 895 609 966 enirn
639 896 781 968 mobilis
808 904 878 983 est,
909 899 998 972 adeo
1030 901 1131 988 varia
1164 907 1204 974 et

82 1011 310 1082 multiformis
324 1017 366 1082 ut
384 1011 428 1081 ad
443 1017 561 1082 certas
582 1010 820 1105 immotasque
837 1014 943 1105 leges
960 1014 1078 1107 redigi
1094 1039 1203 1111 possa

82 1149 156 1199 non
172 1127 347 1198 videatur.
365 1126 469 1198 Adde
487 1126 582 1219 quod
602 1124 767 1198 homines
785 1149 859 1200 non
879 1129 1034 1202 libenter
1049 1131 1203 1204 credunt

82 1265 121 1315 se
141 1242 267 1314 eadem
292 1241 512 1313 necessitate
532 1240 649 1312 teneri
670 1247 778 1334 atque
800 1248 940 1316 ceteras
959 1265 1018 1316 res
1037 1252 1201 1331 naturae.

129 1357 360 1427 Secundatus
394 1361 527 1440 tamen,
565 1355 681 1427 invita
715 1378 835 1429 rerum
871 1359 1006 1452 specie,
1043 1361 1204 1433 ordinem

83 1475 197 1544 fixum
225 1478 262 1543 et
289 1473 535 1543 necessarium
563 1471 729 1542 civilibus
759 1473 867 1545 rebus
901 1474 1023 1547 inesse
1054 1471 1202 1561 asserit3

84 1590 281 1662 societates
306 1594 422 1680 negat
446 1587 491 1658 ad
511 1587 652 1658 libitum
671 1590 890 1682 compositas
911 1611 993 1662 esse
1006 1591 1048 1684 (¹)
1066 1613 1204 1663 earum·

85 1727 154 1798 que
175 1704 361 1776 historiam
383 1703 577 1775 eiortuitis
597 1704 719 1774 causis
739 1704 916 1798 pendere;
939 1706 1004 1777 sed
1024 1728 1088 1800 pro
1109 1728 1205 1779 corn-

12 1916 14 1919 ,
83 1827 188 1916 pcrto
204 1820 315 1892 habet
332 1821 439 1913 leges
454 1841 537 1892 csse
559 1841 651 1913 quae
666 1819 761 1892 hanc
778 1822 903 1893 mundi
918 1828 1057 1915 partem
1073 1823 1205 1915 guber·

84 1942 187 2009 nent.
203 1936 288 2008 Illas
305 1942 428 2008 autern
441 1936 590 2008 confuse
603 1937 772 2029 concipit.
785 1935 870 2009 Non
885 1938 1093 2030 exprimunt
1108 1941 1205 2011 enim

85 2052 263 2145 quomodo
288 2051 473 2123 societatis
494 2056 625 2122 natura
643 2052 764 2123 civilia
785 2051 955 2123 instituta
971 2053 1117 2145 gignat,
1138 2056 1204 2128 sed

85 2189 177 2261 quae
192 2167 267 2238 sint
281 2167 451 2238 instituta
469 2188 560 2260 quae
577 2166 761 2240 societatis
777 2175 908 2240 natura
924 2169 1085 2262 requirit,
1101 2170 1204 2264 quasi

84 2305 209 2356 eorum
221 2304 332 2354 causa
343 2283 505 2355 efficiens
517 2282 555 2353 in
569 2284 646 2354 sola
659 2283 881 2375 legislatoris
893 2285 1083 2358 voluntate
1099 2309 1205 2379 quae·

85 2400 202 2487 reuda=
225 2396 508 2470 sitr'Praeterea
537 2400 753 2470 eonomine
786 2398 1015 2471 Secundatus
1048 2402 1205 2495 appellat

86 2514 274 2586 notionum
301 2514 422 2607 potius
450 2535 557 2607 quarn
584 2535 705 2586 rerum
732 2514 989 2586 connexiones.
1020 2515 1114 2587 Sane
1140 2538 1204 2589 333

87 2636 173 2701 3331
191 2652 280 2724 quas
298 2629 466 2715 33313133,
486 2630 517 2700 31
537 2651 663 2701 33333
682 2635 837 2714 3333131,
855 2629 1062 2702 necessario
1084 2631 1207 2703 obser·

86 2753 161 2831 vet,
180 2746 244 2818 sed
271 2745 337 2818 sibi
357 2745 427 2839 ipsi
451 2745 688 2817 dissentiendi
703 2745 918 2818 1333113133
931 2745 1057 2818 babet.
1082 2746 1205 2840 Hujus

87 2869 210 2935 tamen
226 2861 381 2934 Politice
402 2883 477 2932 non
496 2861 534 2931 in
553 2882 688 2933 meram
705 2861 931 2934 dialecticam
946 2863 1106 2935 sortitur
1122 2864 1206 2955 quia

89 2978 184 3071 quod
204 2978 377 3049 rationale
401 2982 470 3062 est,
486 2976 523 3047 id
542 2977 753 3071 plerumque
777 2998 905 3048 revera
926 2978 1082 3051 existere
1101 2980 1206 3050 intel-

86 3095 196 3178 lexit3
215 3114 259 3165 ea
276 3093 390 3184 igitur
407 3092 569 3164 idearum
588 3092 709 3184 logica
729 3092 837 3164 rebus
858 3112 1001 3185 quoque
1022 3114 1086 3187 pro
1103 3100 1205 3186 parte

87 3211 194 3281 inest.
217 3210 310 3280 Sunt
325 3228 412 3280 vero
429 3208 664 3302 exceptiones
687 3199 778 3300 quae
795 3207 903 3301 hujus
920 3209 1078 3281 notionis
1096 3209 1206 3280 ambi·

87 3325 268 3416 gnitatem
289 3324 456 3418 produnt.
894 3327 904 3349 ⁸

133 3440 422 3531 Ambiguitatem
442 3440 539 3512 illam
561 3439 755 3528 discutere,
772 3438 841 3513 hoe
862 3447 920 3513 est
943 3441 1038 3534 quod
1060 3441 1208 3535 politica

88 3557 243 3629 scientia
260 3562 345 3650 post
362 3555 610 3628 secundatum
628 3562 713 3628 3313
734 3557 853 3628 omnia
869 3556 1107 3630 desiderabat.
1126 3556 1208 3629 Ete-

88 3674 162 3743 nim
178 3693 252 3743 non
267 3671 416 3763 lougius
434 3672 605 3766 progredi
620 3678 764 3766 poterat
777 3671 945 3766 quamdiu
957 3693 1031 3744 non
1047 3673 1209 3745 demons

89 3795 224 3860 tratum
245 3792 322 3859 erat
348 3787 564 3860 societatum
589 3789 695 3881 leges
719 3810 793 3859 non
821 3789 910 3859 alias
938 3794 1145 3881 essentque
1170 3789 1208 3859 in

89 3904 227 3998 reliqua
258 3909 388 3976 natura
416 3925 535 3997 neque
569 3903 781 3977 methodum
807 3905 853 3976 ad
881 3926 944 3977 eas
975 3905 1208 3998 reperiendas

119 4113 149 4174 (1)
167 4111 237 4162 «J'ai
254 4110 361 4164 d'abord
376 4111 495 4163 examina
514 4110 553 4162 les
570 4110 701 4175 hommes,
719 4115 745 4163 31
761 4111 943 4177 salemque,
960 4111 1025 4161 dans
1038 4115 1104 4162 33113
1117 4110 1209 4163 1311313

89 4192 209 4244 diremit&
219 4191 252 4242 de
263 4192 349 4242 131331
359 4193 392 4244 de
403 4206 511 4256 moeurs,
524 4191 557 4243 113
568 4192 692 4244 31131331
702 4206 748 4257 pas
760 4192 933 4258 uniquement
943 4191 1065 4243 coadulta
1077 4205 1125 4256 par
1134 4191 1209 4243 leura

91 4271 387 4337 imtaiaiearll’rccfil
