2790 4950
421 718 423 723 ¹
471 770 643 909 enrur
653 715 931 928 eunuruu
915 781 932 791 ·’
1068 780 1073 787 ·

168 1035 407 1139 οιΙΑΤΕΝῦ8
421 1009 659 1084 Ponmcnuuns
672 1035 805 1082 unnim
811 1012 937 1089 ΕΕΘΕΒ
947 1033 1089 1087 cnam
1093 1033 1175 1084 ESSE

450 1130 721 1212 SECUNDA'i'US
737 1160 944 1212 ΒΕΝΒΕΕΙΤ
997 1154 1002 1160 ’
1067 1156 1071 1186 ³

624 1360 627 1370 ¹
832 1361 929 1378 *rr*

649 1387 651 1391 ,
811 1385 815 1392 ,

587 1414 591 1421 .

132 1740 136 1754 ,
182 1669 269 1767 Age
286 1688 388 1752 vor03
414 1667 625 1743 nonsolum
649 1664 843 1736 societates
865 1686 930 1759 per
952 1684 1090 1756 genera
1114 1663 1253 1768 dividit,

132 1787 205 1859 sed
220 1785 367 1880 politica
377 1764 542 1858 iacta-ac
557 1783 774 1879 ,praesertim
789 1804 833 1854 ea
849 1782 898 1860 ,de
916 1782 1045 1875 quibus
1061 1782 1254 1877 praecipue

134 1887 605 1995 loquitur,.leges·scilicet,
626 1899 788 1971 ordinem
805 1905 943 1974 certum
963 1898 1065 1992 sequi
1081 1898 1257 1971 rationali·

138 2040 212 2112 que
244 2017 368 2110 igitur⁴
385 2015 677 2111 interpretationi
703 2014 935 2100 idoneaesse
958 2013 1153 2101 existimat.
1167 2013 1256 2100 ,Hoc

132 2137 213 2229 jam
230 2137 380 2229 apparet
402 2131 518 2211 elibri
545 2131 648 2202 initio
675 2130 737 2201 ubi
762 2131 982 2225 praeclaram
1002 2130 1105 2200 ,illam
1130 2130 1256 2222 legum

133 2251 389 2331 ,definitionem
427 2240 617 2322 inuenies:
648 2236 770 2340 Leges
789 2253 888 2321 ¹sunt
915 2238 1142 2319 necessariae
1172 2267 1256 2318 con-

137 2366 317 2450 nexiones
341 2386 468 2459 quae
458 2385 505 2436 ex
526 2384 645 2438 rerum
662 2369 730 2436 nat
731 2385 796 2433 ura
811 2368 1034 2457 sequuntur.
1058 2358 1138 2434 Hoc
1160 2363 1256 2434 enim
1358 2364 1360 2367 ’

137 2505 216 2561 ιιοιι
238 2482 516 2558 moderatores
541 2481 660 2573 leges,
680 2479 745 2551 sed
774 2485 825 2551 et
835 2500 897 2551 eas
919 2478 1050 2593 quibus
1077 2468 1256 2552 humanae

140 2595 336 2667 societates
353 2597 534 2685 reguntur
546 2589 834 2684 comprehendit.
890 2642 897 2651 ⁷

139 2706 317 2784 Comtc
336 2708 481 2800 quidem
497 2707 681 2779 Secundat
665 2712 744 2779 tum
762 2705 978 2778 criminatus
1004 2713 1062 2779 est
1087 2708 1190 2800 quasi
1213 2708 1256 2780 ab
1345 2685 1350 2694 ’

141 2815 215 2917 hoc
232 2826 414 2922 principio
425 2816 593 2920 posteait
595 2847 616 2895 a
577 2824 920 2901 tdeclinassetut
878 2825 984 2896 utin
991 2815 1119 2894 rerum
1142 2826 1258 2897 multi

141 2944 284 3029 tudine,
301 2943 391 3036 quae
406 2941 445 3013 in
461 2941 597 3034 reliquo
613 2961 720 3034 opere
736 2941 1021 3026 accumulantur,
1034 2941 1156 3012 nullus
1171 2937 1258 3039 ordo

141 3059 292 3156 reperiri
327 3057 514 3154 possit(¹).
547 3056 647 3128 Haec
683 3079 728 3128 au
730 3064 807 3130 tem
835 3056 1019 3129 accusatio
1051 3080 1072 3128 a
1103 3058 1219 3131 verita
1221 3067 1257 3141 te

141 3175 296 3286 recedit.
314 3174 459 3246 Etenim
483 3173 781 3267 quotiescumque
808 3174 851 3246 de
873 3174 957 3266 lege
980 3173 1099 3266 aliqua
1121 3175 1257 3270 agitur,

142 3282 224 3364 eam
244 3313 266 3361 a
290 3291 400 3362 certis
428 3286 693 3382 conditionibus
716 3290 937 3384 pendentem
955 3288 1062 3362 nobis
1084 3285 1255 3363 ostendit.

125 3405 230 3491 ‚Duo
258 3410 346 3478 sunt
375 3392 496 3479 autem
523 3396 664 3492 illarum
692 3405 826 3478 condit
799 3412 939 3478 tronum
971 3427 1131 3499 genera
1156 3398 1259 3489 Aliae

143 3511 438 3622 naturae'rerum
461 3543 550 3615 quas
572 3522 634 3599 lex
656 3511 799 3617 spectat
821 3506 1027 3609 inhaerent3
1050 3521 1202 3610 scilicet,
1219 3517 1260 3607 ,si

142 3632 190 3711 ad
221 3638 473 3710 commercium
499 3637 670 3734 pertinet,
698 3632 901 3710 commercii
926 3640 1089 3724 naturae,
1121 3637 1258 3712 sivero

126 3756 202 3849 ‘ad
216 3755 442 3847 religionem,
470 3753 678 3848 religionis.
699 3753 852 3826 Estt
788 3777 835 3825 au
836 3760 910 3825 tem
931 3754 1007 3826 alia
1032 3774 1142 3828 causa
1167 3777 1259 3849 quae

144 3893 250 3943 suam
271 3871 345 3976 vim
368 3871 460 3967 mult
444 3875 481 3941 to
503 3869 613 3965 latius
638 3874 702 3940 ext
686 3868 806 3941 tendit
832 3869 1036 3963 ceterisque
1056 3870 1264 3964 praevalet;

142 3982 256 4058 idt
198 3992 256 4059 est
275 3965 406 4057 natura
430 3984 544 4057 societ
546 3985 627 4067 atis
640 3965 844 4078 Pleraeque
867 3985 963 4057 enim
982 3985 1101 4077 leges,
1124 3986 1199 4057 ut
1184 4007 1267 4079 Jam

142 4103 329 4188 diximus,
334 4123 407 4175 non
421 4101 573 4174 eaedem
593 4122 674 4173 esse
691 4102 874 4195 possunt
865 4123 903 4171 m
927 4100 1135 4174 Monarchia
1152 4086 1267 4198 atque

174 4305 206 4368 (¹)
224 4308 309 4359 Cours
321 4306 355 4357 de
366 4306 434 4372 phil.
443 4322 512 4373 pos„
524 4307 567 4372 IV,
578 4307 633 4360 181.
