2790 4950
704 283 864 346 -30-

271 414 390 485 Unum
407 421 463 487 est
480 415 575 508 quod
591 415 624 488 ei
641 413 826 486 doctrinae
845 414 973 487 merito
995 414 1100 508 objici
1117 416 1248 508 possit.
1278 415 1340 486 Jus

226 530 322 602 enim
336 531 578 625 moralemque
593 531 719 616 vitam,
739 552 830 623 quae
851 552 924 600 una
947 535 1017 614 est,
1044 529 1082 603 in
1108 530 1201 602 duas
1224 538 1342 625 partes

227 646 360 732 scindit
376 669 466 741 quae
491 668 610 741 neque
639 646 803 721 eamdem
829 646 1009 739 originem
1033 666 1165 739 neque·
1184 647 1344 719 eamdem

227 770 394 835 naturam
409 764 577 837 habeant.
590 763 673 839 Non
688 763 792 836 facile
805 763 921 855 igitur
938 761 1062 851 uidere
1087 769 1147 834 est
1167 763 1343 855 quomodo

227 877 394 963 inunum
413 886 555 964 coeant,
583 879 800 973 praesertim
823 879 918 972 quod
948 900 1058 972 saepe
1085 878 1183 951 inter
1205 901 1245 952 se
1276 879 1345 950 dis·

228 997 356 1069 cordes
371 1004 470 1070 sunt.
496 998 765 1089 Nonnunquam
786 997 882 1070 enim
898 996 1022 1069 evenit
1036 1002 1079 1069 ut
1089 997 1153 1090 jus
1181 998 1346 1070 naturale

228 1120 265 1185 et
276 1114 338 1206 jus
354 1113 459 1186 civile
476 1121 538 1185 aut
559 1113 747 1208 politicum
769 1113 950 1187 contraria
972 1135 993 1184 a
1014 1112 1117 1185 nobis
1141 1113 1346 1207 requirant;

228 1251 309 1301 eum
344 1230 501 1301 nullum·
519 1251 709 1303 commune
727 1230 1017 1312 'fundamentum
1042 1229 1217 1315 habeant,
1251 1231 1347 1302 unde

229 1345 444 1418 decernetur
460 1347 518 1418 cui
533 1346 581 1418 sit
598 1345 942 1441 obtemperandum?
957 1345 1190 1420 Secundatus
1204 1346 1349 1435 quidem

228 1462 435 1534 existimare
466 1463 614 1539 videtur
634 1470 785 1535 naturae
814 1464 920 1556 leges
951 1470 1035 1536 ante
1070 1469 1214 1536 ceteras
1247 1485 1350 1534 exse·

230 1578 391 1670 quendas
427 1582 578 1672 esse(1).
615 1579 840 1674 Ourautem
869 1580 908 1651 in
943 1580 1040 1652 omni
1069 1600 1157 1651 casu
1193 1579 1348 1661 hominis

228 1701 374 1768 natura·
390 1696 509 1789 magis
538 1717 643 1767 sacra
674 1697 723 1769 sit
748 1719 855 1790 quam
879 1696 1078 1788 societatis,
1111 1717 1194 1768 eam
1223 1703 1349 1768 noster

230 1810 480 1904 quaestionem
506 1813 689 1905 praeterit.
709 1812 906 1886 Prioribus
934 1811 1160 1908 philosophis
1187 1834 1233 1884 ea
1263 1813 1351 1883 diffi-

229 1929 347 2000 cultas
367 1951 440 2001 non
461 1930 652 2017 existebat,
672 1930 804 2025 quippe
825 1931 886 2023 qui
901 1931 964 2023 jus
983 1952 1030 2002 ex
1046 1931 1154 2002 unico
1171 1930 1350 2025 principio

230 2044 463 2137 deducerent.
487 2046 525 2116 Si
546 2047 722 2118 veroduo
744 2046 920 2140 principia
942 2052 1041 2133 suut,
1064 2053 1190 2118 nostra
1210 2046 1291 2118 vita
1312 2046 1349 2115 in

230 2159 320 2255 duos
337 2182 481 2248 sensus,
498 2162 594 2234 inter
610 2185 649 2235 se
667 2185 775 2256 saepe
793 2162 1003 2249 contrarios,
1021 2161 1247 2237 distrahitur.
1268 2160 1350 2232 Una

228 2277 343 2368 Igitur
358 2278 418 2349 via
434 2285 602 2372 superest
618 2301 689 2372 qua
703 2301 750 2351 ex
768 2279 827 2350 his
847 2280 1031 2371 angustiis
1055 2279 1209 2352 evadere
1233 2280 1349 2373 possi·

228 2417 330 2484 mus,
347 2395 487 2468 scilicet
508 2397 538 2468 si
555 2397 701 2491 ponitur
718 2417 842 2468 omnes
857 2397 950 2489 juris
969 2403 1007 2469 et
1023 2419 1163 2477 morum
1182 2396 1346 2488 regulas,

230 2512 338 2584 etiam
374 2533 465 2604 quae
499 2513 676 2606 privatam
709 2513 821 2584 vitam
856 2513 1070 2605 respiciunt,
1104 2535 1123 2584 e
1160 2512 1348 2585 societatis

229 2634 359 2699 natura
378 2630 493 2722 sequi.
517 2629 747 2703 Secundatus
765 2636 886 2702 autem
902 2629 939 2699 in
961 2651 1004 2701 eo
1023 2636 1159 2723 puncto
1184 2629 1289 2700 velut
1312 2630 1350 2699 in

228 2745 392 2845 pluribus
423 2745 515 2831 aliis,
549 2747 713 2838 quamvis
750 2766 882 2818 novam
913 2746 1113 2817 doctrinam
1150 2745 1348 2832 instauret,

227 2860 337 2953 priori
353 2867 475 2933 tamen
492 2882 555 2956 pro
572 2869 673 2957 parte
688 2862 884 2957 impeditus
900 2862 1039 2934 haeret.

260 3109 294 3176 (¹)
309 3110 338 3162 V.
352 3111 441 3176 XXVI,
452 3113 478 3176 3,
488 3111 513 3178 i,
525 3127 555 3166 ac
565 3114 719 3179 praesertim
729 3113 753 3165 5.
