2790 4950
532 283 688 347 43..

52 424 185 506 tamus,
221 440 304 491 cum
337 417 474 491 natione
507 418 643 490 utimur
675 438 740 488 seu
774 416 819 487 ad
850 385 969 487 rerum
1003 421 1168 487 naturam

54 534 299 620 scrutandam,
326 555 393 609 seu
420 533 466 607 ad
490 538 684 628 praecepta
707 533 804 605 vitae
829 529 1015 616 edicenda,
1036 531 1079 601 ad
1108 551 1167 603 res

53 652 292 736 redeundum,
309 672 399 742 ergo
417 650 462 724 ad
481 650 681 724 scientiam.

99 768 149 840 At
170 768 335 862 primum,
364 787 448 840 cum
474 767 668 860 scriptores
694 787 779 838 suas
806 765 864 837 his
894 765 938 837 de
966 765 1074 838 rebus
1099 765 1173 859 epi·

53 885 183 957 niones
203 906 222 959 e
239 883 445 957 conditione
468 883 626 956 humana
649 883 770 978 potius
786 904 893 976 quam
908 902 929 955 e
946 886 1044 954 statu
1059 882 1172 953 socie·

54 1007 173 1077 tatum
203 1000 381 1075 deducere
420 1001 572 1090 soleant,
603 999 693 1072 haee
723 998 888 1088 scientia,
922 999 953 1069 si
986 998 1091 1069 modo
1130 1019 1173 1071 eo

54 1116 200 1191 nornine
228 1117 282 1189 uti
309 1116 427 1205 liceat,
452 1117 542 1190 nihil
568 1116 663 1209 quod
694 1136 779 1186 vere
807 1113 995 1208 politicum
1022 1114 1071 1185 sit
1097 1114 1173 1207 ple-

55 1254 207 1325 rumque
236 1235 273 1306 in
298 1255 337 1307 se
366 1232 540 1306 continet.
569 1231 663 1315 Quid
689 1231 805 1303 enimi
831 1229 924 1303 Cum
951 1230 1174 1302 demonstra-

55 1357 136 1422 tum
152 1355 210 1423 est
224 1348 388 1423 homines
409 1349 454 1421 ad
476 1349 679 1421 libertatem
702 1354 808 1420 natos
840 1368 934 1433 esse,
958 1352 1023 1419 aut
1050 1351 1176 1418 contra

58 1465 254 1541 securitate
271 1473 355 1539 ante
378 1466 496 1538 omnia
516 1486 641 1556 egere,
671 1470 709 1537 et
728 1464 812 1536 inde
838 1463 1066 1536 concluditur
1089 1485 1176 1556 quo·

56 1581 164 1658 mode
195 1581 398 1674 respublica
439 1581 611 1655 constitui
643 1580 784 1664 debeat,
825 1581 888 1652 ubi
925 1586 984 1652 est
1023 1579 1178 1652 scientia

56 1696 229 1790 politica?
266 1697 449 1790 Quidquid
481 1697 520 1769 in
557 1697 602 1769 iis
644 1695 949 1790 disputationibus
986 1697 1176 1769 scientiam

57 1814 233 1899 imitatur,
251 1813 297 1889 ad
311 1813 587 1908 psychelogiam
603 1813 774 1907 pertinet,
797 1813 969 1906 quidquid
991 1820 1111 1886 autem
1131 1814 1176 1884 ad

59 1930 258 2023 politicam,
275 1952 333 2003 ars
350 1936 427 2015 est3
444 1936 520 2015 aut,
538 1930 568 2003 si
590 1930 674 2022 quid
695 1930 787 2002 forte
800 1930 846 2001 ad
866 1951 1002 2002 meram
1016 1930 1178 2025 politica·
1227 1932 1229 1936 ’

60 2069 142 2118 rum
166 2068 284 2119 rerum
310 2046 589 2143 descriptionem
616 2052 654 2119 et
675 2046 1011 2139 interpretationem
1030 2046 1174 2130 attinet,

58 2162 130 2236 hoc
146 2168 245 2237 certe
262 2163 436 2235 minorem
457 2162 728 2255 secundumque
749 2163 869 2234 locum
886 2163 1036 2234 obtinet.
1057 2160 1176 2254 Hujus

59 2280 210 2372 generis
231 2285 290 2353 eet
308 2278 517 2353 Aristotelis
538 2278 701 2352 doctrina
727 2278 772 2352 de
793 2279 914 2351 causis
934 2300 1024 2371 quae
1046 2279 1177 2350 consti·

59 2396 223 2469 tutiones
242 2401 385 2470 mutant
400 2402 463 2468 aut
478 2401 660 2469 evertunt.

104 2511 300 2585 Praeterea
331 2509 498 2596 seientia,
536 2531 619 2585 oum
656 2515 732 2583 arte
774 2510 960 2596 miscetur,
997 2511 1176 2583 sinceram

60 2635 229 2702 naturam
246 2649 349 2699 suam
365 2648 510 2702 servare
526 2627 665 2720 nequit,
682 2626 801 2699 sedin
820 2628 944 2700 nescio
967 2627 1052 2720 quid
1073 2627 1180 2697 ambi·

61 2765 179 2836 guum
198 2743 364 2819 vertitur.
384 2746 454 2815 Ars
473 2745 582 2828 enim,
600 2765 683 2816 cum
702 2742 740 2816 in
764 2749 850 2816 actu
869 2743 1059 2829 consistat,
1081 2743 1180 2815 iesti-

61 2883 149 2935 nare
170 2860 316 2954 cogitur
340 2861 614 2955 scientiamque,
639 2882 748 2953 quam
771 2860 811 2931 in
838 2882 877 2933 se
904 2860 1027 2945 habet,
1054 2882 1180 2933 aecum

62 2978 158 3073 rapit
173 2984 211 3051 et
225 2984 354 3071 urget3
372 2979 525 3052 scientia
541 2984 663 3053 autem
674 2984 812 3050 tantam
824 2978 1094 3051 festinationem
1105 3000 1180 3050 non

62 3096 211 3188 patitur.
241 3095 334 3169 Nam
362 3097 504 3189 quoties
531 3095 726 3188 inquiritur
750 3094 836 3188 quid
863 3095 1048 3187 agendum
1073 3096 1122 3169 sit
1135 3136 1182 3150 -

64 3212 161 3305 quod
188 3213 371 3307 proprium
397 3213 485 3286 artis
512 3233 646 3285 munus
674 3217 793 3285 est-
807 3233 880 3286 non
910 3213 1073 3285 cunctari
1100 3212 1180 3287 sine

62 3328 137 3403 fine
152 3329 257 3414 licet;
285 3329 350 3403 sed
370 3350 477 3421 quam
501 3328 769 3423 promptissime
789 3329 1083 3424 respondendum
1109 3335 1178 3416 est,

65 3444 151 3538 quia
171 3444 380 3520 vivendum.
408 3445 446 3518 Si
468 3445 599 3519 civitas
621 3446 772 3530 laborat,
802 3466 876 3517 non
902 3445 1001 3518 dubii
1028 3446 1179 3519 haerere

64 3583 261 3656 possumus
280 3563 366 3637 dum
383 3563 532 3657 politica
547 3562 700 3635 scientia
713 3562 827 3634 morbi
843 3569 1011 3635 naturam
1024 3562 1184 3657 descrip-

65 3679 156 3752 serit
171 3685 210 3753 et
230 3700 361 3753 causas
377 3680 572 3774 repererit3
591 3677 655 3751 ced
676 3680 754 3751 sine
777 3700 876 3751 mora
899 3679 1085 3772 agendum
1110 3685 1180 3751 est.

65 3797 250 3882 Attamen,
281 3798 366 3890 quia
399 3818 526 3870 sumus
554 3802 677 3868 mente
704 3795 860 3889 praediti
891 3802 929 3868 et
963 3795 1183 3868 deliberandi

65 3911 251 3996 facultate,
273 3933 347 3984 non
369 3917 508 3987 temere
531 3912 776 3997 decernimus3
798 3910 919 3996 immo,
947 3933 1099 3984 necesse
1126 3918 1184 3985 est

65 4028 315 4119 intelligamus
347 4035 411 4100 aut
441 4029 563 4123 potius
597 4029 802 4119 intelligere
841 4028 1030 4100 credamus
1066 4029 1183 4100 consi·

65 4145 197 4218 liorum
211 4151 417 4218 nostrorum
443 4148 612 4218 rationes.
638 4145 766 4239 Itaque
788 4143 883 4217 facta
909 4167 1000 4239 quae
1013 4145 1183 4242 'nobisin

66 4267 236 4355 promptu
263 4268 349 4335 sunt
375 4261 596 4354 colligimus,
620 4261 850 4348 conferimus,
879 4263 1045 4336 celeriter
1068 4262 1181 4336 inter-
