2790 4950
531 280 536 289 .
618 300 778 363 „ffl-

138 440 264 534 Itaque
288 431 363 539 jam
389 436 601 532 Aristoteles
627 435 770 539 morbos
798 441 837 509 et
862 441 1024 536 monstra
1051 420 1247 537 'omnesque'

138 552 302 650 enormes
327 556 424 627 ritae
447 555 578 626 formas
600 569 681 625 esse
700 541 1045 655 ‘fructus'obscurae
1068 554 1243 655 cujusdam

137 658 412 766 contingentiae
441 666 680 740 arbitrabatur
701 670 753 761 (¹).
788 659 948 767 scientia
961 669 1088 762 'igitur
1111 668 1246 763 politica

137 788 267 882 statim
283 784 326 858 ab
349 783 420 860 isto
447 807 565 859 errore
596 779 738 858 liberari
764 806 839 856 non
862 791 1018 880 poterat,
1043 768 1245 878 praesertim

138 923 221 978 oum
241 903 389 975 morbus
410 903 581 997 majoram
607 902 728 973 locum
752 922 932 993 nusquam
947 906 1074 974 teneat
1092 902 1247 1000 quamin

135 1021 304 1109 humanis
344 1018 590 1120 societatibus,
634 1017 878 1110 normalisque
917 1020 1037 1114 status
1076 1039 1246 1112 nusquam

135 1123 307 1213 incertior
320 1127 423 1206 31133
440 1133 620 1206 difficilius
637 1133 844 1207 definiatur.
1038 1228 1040 1232 ι

150 1244 167 1286 ”
182 1245 241 1325 Sic
266 1254 390 1347 plures
417 1252 487 1344 loci
510 1252 751 1346 explanantur
770 1242 840 1321 ubi
854 1249 1088 1348 Secundatus
1111 1250 1246 1346 legisla-

135 1373 251 1457 t0rem
269 1361 358 1438 mira
375 1368 529 1460 quadam
545 1366 728 1462 potestate
746 1363 926 1439 instruere
940 1356 1250 1439 videtur-naaria·

135 1485 208 1580 ipsi
234 1471 310 1554 vim
329 1483 518 1555 inferendi.
545 1483 587 1554 ln
609 1473 832 1575 regionibus,
861 1482 1016 1582 exempli
1038 1482 1173 1574 gratia,
1194 1480 1245 1551 ubi

135 1601 267 1690 nimius
285 1601 372 1670 solis
392 1600 497 1670 ardor
517 1598 561 1691 acl
582 1598 728 1669 nimiam
744 1599 930 1692 pigritiam
950 1598 1243 1696 13331331331131,

134 1717 383 1809 legislatorem
408 1716 512 1809 jubet
544 1737 623 1787 eam
655 1715 750 1788 omni
782 1714 841 1808 313
875 1715 1181 1809 compescere().
1206 1715 1246 1786 At

137 1834 300 1929 quamvis
331 1834 400 1904 hoo
427 1833 557 1904 vitium
583 1854 602 1904 e
627 1835 746 1921 causis
769 1829 932 1925 physicis
960 1832 1108 1919 oriatur,
1133 1837 1246 1903 tamen

136 1950 197 2043 qui
219 1953 252 2021 31
273 1934 394 2020 obstat
412 1954 580 2039 naturam
600 1969 673 2020 non
701 1948 838 2019 violare
858 1954 983 2041 nostro
1008 1946 1169 2032 ridetur,
1193 1945 1246 2019 sed

136 2070 261 2140 contra
273 2065 438 2137 homines
452 2065 496 2135 ad
514 2065 711 2137 normalem
727 2064 886 2161 ipsorum
897 2070 1066 2167 naturam
1085 2084 1246 2136 revocare

137 2203 228 2279 quae
256 2187 395 2270 tantam
415 2169 623 2275 ⁴segnitiem
653 2203 726 2253 non
756 2181 895 2275 patitur
910 2181 977 2276 (1).
1004 2179 1183 2252 Eamdem
1211 2179 1247 2251 ob

136 2319 283 2368 causam
313 2297 408 2393 apud
426 2278 571 2368 ,feroces
598 2297 752 2392 populos
778 2293 956 2368 terribiles
981 2287 1123 2389 ¹poenas
1160 2297 1249 2368 insti·

135 2398 505 2485 ruerenecessarium
529 2434 610 2485 esse
634 2412 722 2485 dicit
742 2419 784 2483 ut
806 2412 896 2485 baec
918 2434 1060 2486 morum
1084 2413 1248 2486 ferocitas

137 2529 390 2617 comprimatur
411 2529 466 2622 (⁴).
500 2528 542 2599 In
570 2529 735 2601 omnibus
766 2529 848 2602 istis
881 2529 1025 2623 casibus
1065 2527 1250 2622 legislator

136 2651 276 2719 tantam
300 2645 500 2740 potentiam
527 2644 637 2717 habet
663 2666 736 2717 non
768 2643 1085 2739 quod-societates
1110 2646 1249 2741 legibus

137 2783 178 2833 ac
196 2748 327 2833 natura
344 2756 493 2834 definita
514 2768 661 2833 careant
682 2761 836 2858 ideoque
857 2762 902 2832 ad
922 2759 1064 2833 libitum
1088 2763 1250 2857 componi

137 2878 297 2972 possint;
314 2877 382 2950 sed
398 2884 524 2950 contra
541 2879 624 2973 quia
641 2878 841 2951 secundnm
857 2878 1054 2949 normalem
1069 2877 1251 2951 hominum

138 2995 427 3088 societatumque
448 3000 613 3066 naturam
636 2995 715 3086 agit
741 2995 845 3096 eique
877 3000 1019 3066 tantum
1047 2994 1248 3066 auxiliatur.

180 3109 280 3182 Haec
303 3111 466 3183 doctrina
487 3113 606 3203 igitur
629 3095 702 3182 non
728 3109 826 3184 mera
849 3109 1093 3208 expressaque
1116 3116 1252 3183 contra·

137 3220 292 3299 dictione
314 3215 486 3299 inficitur.
504 3228 734 3300 Secundatus
751 3229 847 3300 enim
862 3249 936 3300 non
951 3228 1080 3300 iisdem
1096 3227 1251 3322 politicis

135 3344 240 3415 factis
260 3343 421 3416 ordinem
441 3352 580 3416 certum
601 3344 722 3417 inesse
742 3345 979 3438 eumdemque
1000 3344 1130 3416 deesse
1149 3344 1249 3427 dicit3

137 3460 215 3558 seri,
231 3446 448 3554 ubicumque
464 3448 522 3532 res
535 3462 656 3564 justae
674 3468 772 3546 sunt,
791 3460 990 3532 seeundum
1005 3442 1112 3552 leges
1128 3479 1252 3532 neces-

139 3575 251 3646 sarias
274 3577 368 3648 fiunt
390 3578 726 3678 eaque-necessitas
747 3571 995 3650 tantummodo
1021 3585 1145 3652 cessat
1173 3602 1251 3655 oum

148 3829 151 3834 ,
168 3773 199 3838 (1)
214 3773 305 3837 zallas,
319 3772 491 3839 Philosophia
502 3773 551 3825 3133
562 3773 704 3837 Griselica,
715 3774 792 3826 tertia
801 3774 889 3840 editio,
907 3774 940 3838 ΙΙ,
952 3789 1011 3841 pars
1019 3776 1145 3841 secunda,
1157 3792 1183 3843 p.
1198 3777 1251 3831 iffi.

168 3853 283 3923 (¹)RXIV,
293 3854 332 3905 16.
861 3914 864 3919 ,
897 3903 899 3907 ,

168 3935 199 3996 (1)
217 3950 229 3983 3
240 3933 332 3993 Quand
341 3935 407 3984 dono
417 3934 442 3985 13
453 3934 590 3998 puissanoe
600 3934 727 4000 physique
738 3934 770 3984 de
782 3935 894 3986 certains
905 3935 1008 3987 climata
1019 3935 1087 3987 viole
1099 3936 1123 3988 la
1138 3938 1175 3989 loi
1184 3946 1254 3991 natu·

137 4014 244 4079 relle...,
260 4015 322 4064 c'est
337 4030 369 4064 au
380 4015 530 4077 legislateur
545 4015 560 4065 a
575 4015 639 4065 seire
656 4017 702 4065 des
716 4015 765 4065 1313
781 4016 870 4066 3131133
887 4017 931 4081 qui
947 4017 1048 4067 lorcent
1064 4017 1090 4067 la
1107 4023 1202 4070 331333
1219 4022 1254 4072 (13

137 4093 228 4144 climat
239 4099 265 4144 et
276 4095 439 4150 retablissent
450 4095 488 4144 les
500 4096 548 4145 1313
558 4094 709 4160 primitives.
720 4111 732 4143 r
744 4095 820 4161 (11111,
832 4096 884 4163 m.)

168 4175 201 4237 (⁴)
218 4191 231 4222 3
242 4173 275 4224 Le
287 4175 381 4239 peuple
389 4174 508 4239 japonais
519 4190 532 4226 a
544 4191 580 4226 un
587 4176 722 4229 ,3333131333
734 4176 755 4225 31
773 4181 859 4227 313333
872 4191 924 4241 que
939 4192 980 4228 333
996 4176 1163 4245 163131313333
1175 4186 1201 4232 31
1215 4194 1256 4233 aas

138 4255 286 4318 magistrats
298 4256 371 4305 n’ont
382 4271 417 4320 pu
429 4257 500 4307 avoir
509 4271 609 4308 333333
620 4255 755 4307 3333113333
766 4270 799 4307 33
810 4257 848 4308 lui
853 4272 861 4320 ‚·
879 4258 912 4308 113
927 4271 961 4308 ne
977 4258 1014 4310 131
1029 4249 1076 4311 331
1091 4260 1143 4313 mis
1159 4262 1255 4317 cevent

137 4333 175 4383 133
185 4349 251 4397 yeux
263 4351 312 4400 quc
321 4337 366 4386 (133
374 4337 461 4400 iuges,
474 4339 520 4388 des
532 4353 654 4390 menoses
665 4343 691 4388 31
701 4338 746 4388 des
758 4338 946 4391 3331133313.»
959 4339 1022 4404 (XV,
1035 4339 1087 4404 15.)
