2790 4950
58 123 289 197 quacumque
317 104 468 194 regione
498 107 561 172 aut
594 101 743 173 civitate
770 103 910 188 vivant,
938 123 995 174 me
1021 104 1180 174 omnium

57 221 266 292 mortalium
282 219 528 291 felicissimum
546 239 626 289 esse
646 238 814 289 censeam
829 220 883 310 (¹).
900 247 945 294 a·
983 263 988 269 ·
1020 263 1022 268 f

104 338 186 411 Hoc
203 337 392 410 consilium
409 342 513 407 tanta
531 356 617 407 cura
634 341 832 407 exsecutus
850 343 907 409 est
922 343 965 408 ut
980 338 1083 408 multi
1098 346 1181 409 eum

60 457 173 528 etiam
189 450 478 548 vituperaverint
493 457 684 546 propterea
696 451 793 544 quod
807 453 896 522 nihil
912 475 1066 545 usquam
1076 455 1194 529 ‚vitu-s

60 575 179 667 perat,
197 571 263 642 sed
283 592 341 642 res
367 571 418 640 ita
434 577 632 642 ‘reveretur
648 575 752 642 utne
771 569 935 662 judicare
958 570 1101 663 quidem
1118 578 1193 641 eas·

61 687 208 758 audeat.
238 687 332 757 Sane
355 686 480 779 procul
500 686 605 757 abest
632 685 718 778 quin
740 692 820 759 tam,
839 686 963 779 aequis
984 687 1098 758 oculis
1120 688 1196 757 res(¹

59 806 238 874 humanas
255 802 453 900 intueatur,
473 821 621 894 eosque,
638 794 702 894 'qui
715 800 823 872 -hanc
835 802 1010 875 incuriam
1032 803 1065 874 ei
1085 803 1191 893 ehje>

59 927 203 1009 cerunt,
231 941 363 991 sensus
389 919 507 1012 operis
536 919 613 989 sine
640 918 747 989 dubio
772 918 875 990 latet.
901 918 1017 989 Multa
1042 924 1195 1003 tamen‚³

58 1059 153 1130 quae
169 1059 191 1106 a
206 1036 364 1107 moribus
377 1035 513 1106 nostris
527 1034 720 1105 abhorrent
731 1041 768 1105 et
780 1035 823 1104 ab
838 1034 1003 1114 omuibus
1012 1035 1193 1130 Europae

19 1142 24 1155 ’
58 1153 206 1246 populis
237 1150 344 1223 hodie
375 1156 610 1245 respuuntur,
638 1151 676 1220 in
705 1151 938 1243 quorumdam
965 1153 1181 1246 populorum

57 1275 192 1343 natura
200 1268 293 1340 bene
306 1267 455 1339 fundata
471 1267 667 1339 existimat.
677 1267 735 1338 Sic
748 1267 936 1361 quamdam
950 1268 1176 1352 servitutem,
1194 1279 1196 1282 ⁴

57 1393 298 1480 temperatam
316 1407 403 1456 sane
425 1391 463 1456 et
483 1385 676 1455 humanam
695 1385 750 1476 (Ξ),
767 1390 813 1455 et
825 1384 886 1477 jus
902 1386 1024 1479 plures
1044 1405 1178 1457 uxores

56 1502 214 1573 habendi
238 1502 279 1594 (³)
303 1508 341 1573 et
363 1501 473 1571 falsas
500 1500 751 1592 religionese)
775 1501 960 1592 multaque
987 1501 1056 1570 alia
1081 1502 1178 1593 ejus·

56 1618 157 1690 modi
173 1618 387 1705 quibusdam
409 1617 631 1710 temporibus
652 1622 690 1688 et
707 1617 797 1688 locis
819 1622 912 1711 apta.
930 1638 1011 1688 esse
1034 1622 1174 1701 censet;

56 1736 166 1810 immo
184 1734 277 1806 hanc
295 1733 454 1805 ciuitatis
470 1732 620 1804 formam
637 1755 744 1826 quam
765 1734 919 1804 maxime
935 1734 1023 1817 odit,
1042 1714 1178 1826 Tyran-

56 1851 142 1924 nida
164 1851 317 1934 scilicet,
333 1848 493 1921 Orientis
504 1849 684 1941 vgentibus
704 1849 947 1921 necessariam
968 1849 1173 1920 arbitratur.

98 1966 156 2039 Ne
181 1966 407 2038 eutemtnde
436 1965 631 2038 concludas
661 1965 908 2038 Secundatum
932 1967 1029 2037 omni
1049 1984 1177 2059 quaes·

56 2084 157 2161 tione
181 2097 273 2176 quae
304 2083 349 2154 ad
370 2083 665 2177 usum'pertinet
685 2083 922 2155 abstinuisse.
942 2083 1025 2175 Ipse
1050 2078 1176 2155 contra

56 2201 252 2299 profitetur
273 2221 312 2271 se
335 2199 514 2293 inquirere
542 2227 560 2264 a
576 2221 666 2292 quae
691 2200 858 2272 societati
879 2200 1057 2272 humanae
1081 2197 1176 2271 sum·

56 2315 436 2408 matim-,et-singulis¹
465 2316 700 2388 societatibus
731 2314 860 2386 melius
892 2313 1191 2403 conveniantps„

57 2455 151 2528 quae
179 2454 244 2527 per
269 2455 309 2505 se
339 2433 496 2526 aliquam
523 2432 719 2504 utilitatem
746 2431 916 2516 habeant,
947 2433 1056 2517 etsi
1083 2431 1191 2504 duae?

56 2549 344 2623 consuetudines
364 2549 557 2621 damnosae
570 2548 664 2632 sint,
683 2570 774 2641 quae
792 2549 921 2642 majus,
941 2570 1031 2642 quae
1055 2552 1190 2620 minus.

56 2669 229 2764 damnum
245 2687 370 2739 secum
393 2666 519 2738 afferat
533 2665 620 2757 (⁵).a'
642 2667 783 2758 ltaque,
800 2686 873 2736 non
892 2670 1036 2737 tantum
1055 2667 1189 2758 leges„

56 2783 125 2855 sed
147 2782 246 2873 vitae
268 2788 464 2875 praecepta
485 2780 525 2852 in
545 2782 625 2874 ejus
649 2780 738 2852 libro
751 2780 944 2866 ,invenies3
967 2802 1040 2852 non
1063 2782 1176 2854 scien·

55 2900 145 2972 tiam
172 2897 293 2982 modo,
320 2897 386 2968 sed
414 2903 540 2968 artem.
570 2897 682 2969 Immo
707 2919 794 2969 vero
821 2902 896 2969 non
922 2897 1187 2991 sine'quadam.

55 3016 197 3089 ratione
216 3014 413 3108 vituperari
429 3020 553 3108 potest
569 3013 664 3107 quod
680 3036 722 3086 ea
737 3036 811 3086 non
831 3015 920 3087 satis
938 3017 1177 3108 separaverit„

55 3132 194 3204 Non'in
208 3152 282 3201 una
297 3129 422 3224 operis
437 3135 539 3224 parte
562 3129 658 3224 quod
682 3136 752 3215 est,
775 3130 814 3202 in
834 3131 948 3202 altera
973 3131 1068 3224 quod
1092 3153 1175 3203 esse

56 3248 167 3323 debet
180 3246 376 3341 quaeritur,
392 3246 456 3318 sed
469 3269 526 3318 ars
545 3251 582 3318 et
594 3246 748 3318 scientia
757 3247 809 3318 ita
826 3247 920 3318 inter
938 3269 977 3317 se
992 3246 1176 3340 implican-

55 3372 117 3438 tur
126 3370 169 3436 ut
180 3363 325 3457 saepius
335 3363 379 3434 ab
391 3372 465 3434 una
475 3364 519 3433 ad
529 3364 679 3435 alteram
693 3363 829 3436 sensim
840 3363 1064 3436 traducatur.
1075 3362 1175 3433 Duas

55 3483 138 3554 illes
155 3481 418 3575 problematum
434 3480 546 3551 series
563 3480 723 3552 nondum
740 3481 910 3576 distincte
925 3481 1094 3565 secernit,
1111 3481 1175 3551 sed

86 3673 118 3737 (¹)
135 3660 290 3737 Praefatio,
301 3670 334 3729 ci,
348 3670 376 3722 It.
387 3665 430 3733 IV,
440 3669 468 3720 C.
480 3668 505 3734 l,
518 3673 594 3722 nota:
608 3669 670 3720 «On
680 3668 719 3726 'dit
729 3664 763 3719 ici
775 3682 805 3725 ce
818 3669 861 3733 qui
874 3675 912 3722 est
922 3672 948 3722 et
960 3684 1012 3719 non
1023 3685 1070 3734 pas
1085 3683 1114 3719 ce
1127 3670 1175 3734 ,qui

55 3752 212 3806 doitetre.»
379 3744 382 3748 ’

85 3835 122 3900 (’)
136 3834 191 3898 XV,
202 3833 228 3885 8·
243 3840 246 3845 '

86 3917 120 3980 (¹)
135 3915 203 3977 xvi,
214 3913 228 3964 l
241 3917 267 3964 et
278 3913 384 3978 passim.

87 3998 120 4059 (ι)
136 3995 215 4057 xxv,
226 3994 267 4057 re,
278 3993 317 4047 ro.

86 4075 121 4140 (⁸)
135 4074 254 4139 Defensa
265 4075 301 4128 dc
312 4073 426 4139 curpett
437 4075 485 4127 des
494 4075 568 4138 [οἰκ
576 4089 636 4139 pars
647 4073 771 4126 secunda.
