2798 4956
644 279 801 341 -61-

153 418 258 485 tates
285 412 405 504 logice
436 417 676 505 sequerentur
686 413 741 501 (¹).
776 411 870 483 Sena
901 412 1147 488 necessarium
1171 413 1276 497 intel·

154 528 252 600 loxit
274 528 365 600 haec
390 527 612 622 principiae
643 548 763 599 rerum
790 526 1040 600 observatione
1061 528 1204 601 trahere
1218 530 1275 621 (²);

149 644 226 716 sed
247 644 351 715 iniis
383 651 498 716 totam
521 643 710 716 scientiam
735 643 839 736 quasi
865 643 1039 737 implicari
1067 645 1276 730 credit-ita

154 763 212 846 ut,
246 761 308 831 nbi
335 756 448 833 semel
473 760 519 831 ad
555 782 599 832 ea
630 748 913 852 pervenerimus,
946 761 1024 831 sole
1060 760 1276 835 deductione

149 876 296 948 -ubsolvi
311 877 440 971 possit.
458 874 535 948 Nec
550 875 698 947 dubium
715 881 773 951 est
797 876 884 968 quin
907 875 976 947 hac
996 876 1056 946 via
1079 881 1117 948 et
1138 877 1276 962 ratione

155 992 352 1086 procedere
368 1010 495 1064 revera
513 992 728 1085 susceperit.
745 990 905 1063 Primum
921 991 1017 1093 enim
1029 991 1275 1064 animadverte

156 1109 335 1203 quomodo
354 1107 542 1180 inductiva
563 1106 733 1180 methodo
758 1113 895 1179 utetur.
923 1106 1003 1186 Non
1029 1107 1157 1201 incipit
1179 1108 1276 1180 facta

154 1225 287 1311 omnia,
310 1244 402 1319 quae
412 1223 461 1295 ed
477 1223 726 1319 quaestionem
742 1223 913 1307 attinent,
928 1223 1115 1316 colligere,
1128 1226 1273 1314 referre,

152 1348 198 1413 ut
225 1360 342 1435 aequa
364 1347 485 1412 ruente
520 1339 716 1415 examinari
752 1345 789 1411 et
819 1339 994 1434 perpendi
1019 1339 1179 1432 possint;
1209 1340 1275 1415 sod

152 1460 367 1552 plerumque
398 1477 497 1529 mera
523 1455 740 1528 deductione
774 1456 930 1550 primum
946 1457 1086 1550 ,probet
1113 1455 1209 1550 qnod
1235 1457 1274 1529 in

152 1577 274 1645 animo
295 1570 416 1646 hebet.
439 1573 621 1645 Monstrat
641 1557 781 1644 scilicet
797 1570 866 1644 hoo
887 1573 925 1643 in
941 1578 1073 1644 nature
1089 1580 1165 1660 aut,
1189 1573 1219 1644 si
1237 1573 1274 1646 id

150 1691 273 1764 dicare
286 1689 389 1775 velis,
416 1689 576 1762 essentia
597 1689 795 1774 societatis,
824 1686 883 1761 vel
910 1689 1079 1776 hominis,
1098 1691 1158 1762 vel
1174 1707 1274 1763 ‘com-

149 1806 291 1892 mercii
311 1806 371 1878 vel
395 1802 596 1897 religionis,
613 1825 687 1876 unc
714 1805 823 1876 verbo
849 1805 888 1876 in
908 1821 1042 1894 rerum,
1068 1804 1113 1877 de
1143 1807 1273 1900 quibus

150 1923 290 2016 ugitur,
305 1921 514 1994 delinitione
527 1922 681 2006 involvi3
700 1921 880 2015 posterius
897 1928 1040 2001 tantum
1057 1922 1162 1994 facta*
1180 1941 1272 2016 quae

149 2037 376 2134 hypothesin
397 2038 609 2111 confirmare
639 2036 822 2124 videntur,
847 2037 1068 2132 exponit(³).
1093 2035 1163 2122 Qui
1184 2057 1271 2112 vero

148 2175 218 2250 pro
235 2161 419 2249 comperto
435 2153 546 2227 habet
566 2155 643 2225 sola
660 2154 882 2249 experientia
897 2153 1137 2226 demonstrari
1160 2175 1270 2248 posce

149 2287 252 2365 quac.
266 2270 340 2342 sint
358 2288 479 2342 rerum
495 2269 759 2355 connexiones,
785 2291 858 2341 non
881 2269 1138 2343 deductionem
1163 2291 1270 2367 expe·

146 2388 301 2461 rientiae
333 2384 513 2482 praeficit;
546 2399 619 2460 non
654 2385 854 2480 principem
887 2387 1008 2458 locum
1041 2388 1268 2480 argumentis

147 2505 317 2597 assignat
332 2522 424 2598 ques
439 2501 529 2575 nihil
547 2502 685 2577 forced
704 2503 1025 2576 demonstrandum
1044 2503 1164 2577 valere
1184 2526 1269 2577 cen·

145 2627 208 2694 aet
238 2621 440 2716 quibusque
474 2619 614 2710 diffidit,
646 2620 712 2694 eod
743 2621 897 2714 primum
927 2643 986 2694 rec
1019 2621 1264 2696 observatae

145 2744 275 2831 postea
292 2744 436 2810 tanturn
461 2737 557 2832 quod
581 2737 813 2811 observatum
836 2744 894 2810 est
919 2737 1136 2812 deductione
1159 2739 1267 2812 inter·

147 2861 326 2949 pretatur.
1107 2927 1110 2934 .

192 2973 375 3060 Ceterum,
394 2971 424 3043 si
439 2972 538 3067 ipses
554 2973 668 3044 nostri
693 2968 1022 3049 demonstrationes
1039 2972 1260 3060 consideres,

143 3088 250 3162 focile
272 3088 548 3162 videbis'totam
563 3088 638 3161 vim
665 3111 789 3162 earum
814 3089 852 3161 in
880 3088 1097 3164 deductione
1122 3092 1262 3164 consia-

174 3371 205 3441 (Ι)
223 3369 291 3428 «J'al
306 3374 368 3444 pose
383 3374 422 3450 lca
437 3373 568 3442 principes
583 3378 609 3429 cl
621 3374 666 3442 sai
681 3374 764 3428 vulsa
780 3387 824 3428 cas
839 3364 1004 3443 prrticullera
1021 3372 1058 3443 s’p
1074 3362 1144 3442 pilei
1158 3382 1262 3428 comme

141 3453 345 3522 d’cnadnonrar,
355 3458 394 3509 lca
406 3456 526 3510 buchar
537 3457 570 3513 de
580 3461 664 3511 tontes
677 3459 715 3512 lea
724 3458 830 3518 natium
842 3458 902 3510 n'an
914 3461 970 3510 etna
980 3470 1033 3525 que
1044 3458 1083 3519 1⁰¹
1093 3457 1186 3518 culter.
1198 3473 1212 3508 a

173 3541 204 3603 (²)
222 3541 272 3590 ‹Je
283 3539 335 3591 n'ai
346 3539 419 3604 point
430 3539 478 3591 tire
489 3553 547 3590 mes
557 3540 690 3604 principes
701 3541 734 3591 de
745 3553 802 3589 mes
809 3539 942 3605 prdjugdr,
953 3540 1020 3591 maia
1028 3540 1060 3591 de
1070 3540 1095 3590 la
1106 3545 1200 3590 natura
1211 3539 1258 3590 dea

141 3621 244 3673 choses.
256 3635 269 3668 o
283 3619 380 3686 (ibid.)

169 3703 202 3765 (⁸)
217 3700 360 3752 innumera
378 3701 498 3765 anempla
516 3702 592 3753 citari
610 3701 712 3766 prosint
728 3715 796 3768 quae
815 3714 862 3767 par
880 3707 964 3754 totum
980 3714 1047 3768 opus
1066 3701 1193 3754 inventu.
1212 3695 1256 3754 Sic

139 3787 278 3848 portum
288 3782 337 3834 tria
348 3781 503 3834 meletatum
513 3796 611 3848 genem
624 3779 736 3846 delictit,
747 3793 780 3835 er
788 3783 882 3843 Mem
892 3782 1091 3836 delinitionibus
1101 3782 1257 3842 eorumdem

138 3862 268 3928 principle
285 3862 402 3919 deducit.
414 3879 428 3913 ι
439 3858 465 3913 lv
481 3876 516 3915 m
529 3865 602 3914 m'on
616 3865 680 3928 scot
694 3877 744 3929 poc
758 3863 916 3931 decomeco
930 3877 1004 3930 poor
1014 3871 1126 3916 mucor
1143 3863 1180 3914 iar
1192 3865 1260 3914 troia

134 3945 290 4008 prinoipem
305 3943 340 3994 ila
358 3958 394 3993 en
413 3944 537 3995 derivem
555 3944 803 3997 naturallement.»
821 3944 877 4009 (ΙΙΙ,
889 3943 926 4010 2.)
942 3945 1011 3996 Tum
1023 3958 1055 3994 er
1070 3942 1103 3994 lia
1120 3940 1258 4007 principii·

136 4024 212 4089 leges
227 4037 293 4089 quae
308 4025 341 4075 ad
359 4025 406 4088 jue
422 4024 507 4088 civile,
529 4025 562 4076 ad
579 4039 685 4090 poenas,
701 4026 734 4076 ad
751 4025 911 4077 feminarum
930 4025 1118 4077 conditionem.
1128 4028 1256 4090 spectant,

134 4105 226 4158 trehit.
243 4105 308 4156 Vide
322 4106 394 4170 lpaoa
407 4107 498 4158 titulos
513 4107 630 4171 capitum
645 4107 704 4158 Vct
714 4107 746 4158 vl
757 4106 974 4172 (compeccare
990 4108 1038 4159 der
1050 4105 1256 4173 principesdca

133 4194 361 4251 gouvamumema
373 4202 429 4253 por
443 4188 587 4254 rapportd
597 4188 626 4240 lo
641 4188 788 4253 simplicite
803 4187 850 4240 der
868 4186 917 4240 iota
932 4187 1106 4253 criminatus,
1123 4188 1151 4239 lo
1166 4189 1256 4251 [omre

135 4267 355 4333 derjopemeotc,
367 4276 428 4334 etc,
440 4297 468 4307 -
478 4283 534 4335 por
544 4275 658 4335 rapport
666 4282 726 4320 ooo
737 4269 788 4320 lois
798 4271 991 4335 coneptuctrea,
1002 4269 1078 4334 etc.)-
