2790 4950
543 84 702 146 ..69-

61 240 80 290 e
98 238 136 288 se
153 219 234 312 ipsa
248 223 432 289 nascetur.
449 217 543 288 Eum
563 218 672 289 latuit
687 224 888 312 perpetuus
910 219 970 290 ille
989 208 1185 312 processus

60 334 198 427 inquo
236 334 405 419 societas,
445 334 609 428 quamvis
645 334 712 405 sibi
744 334 816 427 ipsi
848 355 991 428 semper
1025 341 1185 420 constet,

60 455 184 520 tamen
201 470 336 519 novum
353 449 488 543 aliquid
505 450 676 521 continuo
695 449 830 522 evadit.

106 563 195 635 Inde
227 572 351 637 autem
376 565 510 657 aliquid
539 565 722 651 singulare
751 566 788 634 in
814 573 992 657 usurpata
1013 566 1184 638 methodo

62 686 231 752 secutum
248 688 317 754 est.

107 796 202 868 Sunt
226 797 323 868 enim
344 796 414 868 duo
443 796 691 868 conditionum
719 817 857 888 genera
887 819 978 890 quac
1001 797 1186 891 politicam
1288 859 1289 863 ,

61 912 175 983 vitam
206 918 366 985 movent.
400 913 504 985 Aliae
535 913 573 983 in
607 912 861 1006 praesentibus
901 912 1186 984 circumstantiis

56 1029 195 1119 jacent,
219 1034 263 1099 ut
283 1034 415 1100 natura
443 1029 522 1114 soli,
553 1028 687 1099 civium
714 1049 879 1113 numero,
909 1033 1003 1114 etc.;
1033 1027 1122 1099 aliae
1146 1027 1186 1097 in

61 1143 259 1234 praeterita
281 1142 433 1214 historia
470 1148 674 1214 versantur.
699 1141 846 1214 Etenim
883 1141 1186 1235 quemadmodum
1245 1209 1247 1212 .

61 1279 152 1351 puer
184 1258 303 1352 quivis
335 1258 428 1330 alius
455 1264 555 1330 esset
581 1259 612 1327 si
642 1258 733 1329 alios
765 1256 955 1330 habuisset
981 1257 1184 1350 geniturae,

63 1375 221 1446 societas
244 1375 314 1445 alia
337 1381 395 1446 est
417 1373 617 1456 secundum
647 1374 866 1446 societatum
889 1373 1186 1445 antecedentium

62 1491 224 1572 formam.
244 1489 283 1560 Si
298 1488 525 1562 inferioribus
541 1490 685 1584 populis
701 1489 878 1575 succedit,
899 1510 974 1561 non
991 1489 1087 1561 idem
1104 1508 1186 1559 esse

62 1611 186 1699 potest
206 1612 316 1699 atque
338 1606 370 1677 si
394 1627 413 1676 e
430 1605 618 1699 perpolitis
634 1605 841 1679 nationibus
857 1610 938 1677 orta
959 1610 1029 1676 est.
1050 1604 1187 1675 Secun-

63 1721 169 1792 datus
187 1728 321 1806 autem,
340 1727 532 1815 propterea
552 1721 648 1814 quod
673 1720 767 1793 hanc
797 1720 1014 1794 societatum
1039 1738 1187 1790 succes-

64 1838 204 1910 sionem
224 1844 262 1910 et
282 1837 540 1930 cognationem
564 1837 723 1930 ignorat,
749 1837 858 1929 hujus
881 1835 1033 1930 generis
1057 1855 1187 1907 causas

64 1954 209 2024 omnino
225 1953 399 2046 negligit.
416 1952 507 2023 Ea'm
527 1953 602 2023 vim
623 1974 714 2045 quae
733 1953 900 2047 populos,
919 1958 962 2023 ut
979 1951 1033 2024 ita
1055 1951 1185 2034 dicam,

63 2091 85 2138 a
114 2074 222 2162 tergo
245 2068 398 2162 impellit
424 2067 571 2139 minime
601 2073 706 2140 curat
733 2074 772 2140 et
799 2067 1016 2139 circumfusa
1044 2072 1188 2138 tautum

63 2185 225 2280 respicit.
250 2183 344 2258 cum
366 2185 520 2279 alicujus
540 2184 728 2256 societatis
748 2183 936 2256 historiam
955 2180 1187 2276 interpretari

64 2299 230 2397 suscipit,
254 2322 330 2373 non
353 2300 493 2394 quaerit
517 2320 624 2393 quem
651 2300 773 2372 locum
794 2300 833 2370 in
854 2298 1072 2370 societatum
1093 2296 1188 2368 serie

63 2423 202 2505 teneat,
220 2418 285 2490 sed
304 2423 448 2488 tantum
476 2416 581 2509 quale
599 2415 656 2487 sit
685 2417 814 2502 solum,
849 2436 955 2509 quam
981 2413 1086 2484 multi
1114 2413 1189 2484 sint

64 2534 178 2622 cives,
195 2540 265 2606 etc.
282 2533 384 2605 Nihil
398 2533 514 2626 igitur
529 2532 615 2604 huic
635 2531 805 2605 methodo
825 2531 945 2624 magis
968 2530 1189 2602 contrarium

64 2656 122 2723 est
159 2671 268 2743 quam
298 2647 426 2722 Oomte
455 2649 640 2722 recentius
676 2648 715 2718 in
754 2645 882 2718 iisdem
913 2644 1189 2739 quaestionibus

64 2765 265 2839 tractandis
282 2773 432 2838 secutus
449 2771 518 2838 esta
534 2763 662 2838 Oomte
679 2763 776 2836 enim
789 2762 1005 2835 societatum
1018 2767 1187 2835 naturam

65 2905 112 2956 ex
127 2883 302 2977 temporis
317 2887 514 2967 momento,
537 2901 606 2975 quo
623 2884 879 2974 apparuerunt,
897 2886 1012 2952 totam
1025 2877 1186 2972 pendere

66 2999 251 3072 existimat
269 2999 529 3093 scientiamque
552 2997 736 3092 politicam
752 3016 868 3088 paene
893 2995 1077 3088 integram
1102 3013 1189 3065 con«-

66 3113 197 3186 sistere
213 3113 251 3185 in
269 3114 486 3186 societatum
502 3113 595 3186 serie
612 3109 879 3184 constituenda.
898 3106 1043 3184 Addere
1063 3113 1188 3180 autem

66 3251 335 3324 supervacuum
357 3237 415 3304 est
437 3236 591 3324 utraque
613 3227 777 3301 doctrina
796 3249 907 3300 unam
929 3231 1075 3301 tantum
1096 3223 1188 3297 veri·

64 3347 154 3419 tatis
169 3352 309 3441 partem
328 3346 492 3441 exprimi.
528 3335 530 3339 ’
1162 3342 1165 3346 ’
